2948 5160
612 266 831 339 .—2--

146 464 213 531 τῶν
237 459 371 547 α’λόγων
396 465 489 556 ζῴων
506 483 512 496 ·
531 472 567 532 αὶ
590 467 654 557 γοέρ
671 467 742 535 οἷπό
766 468 891 538 τούτων
915 470 1113 560 προγνώσεις
1133 472 1218 558 μετοῖ
1234 502 1320 552 τινος

148 579 283 664 φυσικῆς
316 581 426 654 αἰτίας
458 578 631 663 γινόμεναι
664 593 962 669 κατηναγκασμένα
995 581 1104 667 ἔχουσι
1127 585 1170 649 τοὶ
1205 583 1320 651 α’ποτε-

149 690 298 772 tropaea
318 742 323 752 .
342 741 373 753 ..
399 689 525 766 τούτοις
549 690 586 755 δὲ
614 707 679 769 τοῖς
707 704 849 779 σημείοις
873 703 929 758 καὶ
951 691 1168 783 Ἀριστοτέλης
1193 696 1210 761 ὅ
1234 697 1320 783 φιλό-

149 819 244 884 σοφος
276 810 428 892 κέχρηται
462 815 518 870 καὶ
546 799 691 880 Εὔδοξος
720 813 776 869 καὶ
804 807 903 893 ἕτεροι
931 806 1080 884 πλείονες
1112 811 1179 876 τῶν
1212 807 1321 896 οἶστρο-

148 912 263 995 λόγων.
312 911 453 994 (111711.
471 913 703 978 Rose-Aristot
722 912 924 994 pseudepigr.
941 932 970 1002 p.
994 915 1081 998 246.)
1115 915 1216 998 Cujus
1236 916 1321 981 modi

148 1020 270 1101 scripta
293 1042 483 1104 quamquam
507 1025 748 1091 observationes
776 1023 815 1088 de
837 1029 1065 1105 tempestatum
1089 1027 1321 1094 mutationibus

147 1132 316 1199 institutas
332 1153 386 1200 eas
403 1137 564 1216 exhibent,
589 1155 670 1218 quae
685 1135 782 1200 etiam
797 1135 890 1199 hodie
906 1135 991 1216 apud
1010 1143 1128 1202 nautas
1143 1143 1177 1202 et
1192 1140 1321 1203 colonos

145 1246 266 1328 ‘magna
288 1247 484 1314 auctoritate
506 1248 619 1332 vigent
641 1251 737 1329 atque
761 1267 781 1312 a
803 1247 883 1314 viris
905 1247 939 1311 in
955 1249 1210 1331 meteorologicis
1226 1250 1321 1313 rebus

147 1356 382 1440 investigandis
399 1359 563 1441 occupetis
580 1359 783 1441 cupidissime
799 1379 838 1424 ex
850 1359 1100 1441 volgisermone
1112 1360 1319 1443 colliguntur,

148 1473 255 1534 111111
271 1470 411 1551 gratiam
427 1471 662 1554 philologorum
678 1471 760 1536 inire
782 1491 846 1536 111
868 1476 1052 1552 potuerunt,
1077 1472 1131 1553 qui
1154 1472 1196 1537 ad
1219 1472 1321 1538 calen-

149 1579 240 1646 daria
264 1581 488 1648 constituenda
511 1583 567 1650 vix
590 1603 610 1647 a
633 1602 667 1648 se
690 1583 908 1664 impetrabant
934 1589 972 1648 ut
994 1589 1030 1648 at
1055 1591 1320 1667 parapegmatuni

148 1690 260 1757 futiles
284 1711 387 1776 nugas
410 1694 646 1760 descenderent.
694 1696 808 1777 Neque
836 1714 933 1761 causa
960 1695 1060 1776 deest,
1094 1715 1151 1761 cur
1173 1696 1322 1791 neglecta

147 1804 213 1870 sint
235 1804 294 1869 illa
317 1804 447 1886 scripta.
477 1805 577 1890 Quis
601 1807 685 1871 enim
708 1806 771 1872 erit
794 1806 862 1888 qui,
892 1826 961 1873 cum
985 1807 1038 1874 vel
1061 1807 1182 1873 nostris
1204 1814 1322 1889 tempo-

147 1915 238 1982 ribus
266 1915 407 1998 cognitio
441 1936 547 1983 rerum
568 1917 899 2001 'meteorologicarum
931 1919 1022 1985 velut
1053 1919 1087 1984 11
1118 1919 1321 1985 incunabulis

146 2028 214 2093 fere
243 2026 358 2107 iaceat,
387 2026 528 2094 fructum
555 2030 656 2094 ullum
684 2029 753 2095 erui
780 2049 873 2112 posse
900 2035 993 2112 putet
1019 2050 1059 2095 ex
1082 2035 1226 2097 veterum
1254 2051 1321 2097 sen-

146 2139 268 2218 tentiis,
292 2139 347 2220 qui
370 2159 410 2204 ne
432 2140 591 2222 principia
606 2141 732 2221 quidem
747 2161 853 2208 rerum
869 2142 1054 2208 tenuerint?
1088 2144 1198 2222 Atque
1213 2150 1322 2208 tamen

147 2251 245 2334 digna
268 2253 419 2319 videntur
441 2250 501 2316 1111
523 2252 654 2335 scripta,
669 2272 760 2336 ,quae
783 2253 965 2320 accuratius
981 2259 1222 2332 recenseantur;
1247 2273 1320 2318 uani

149 2382 220 2429 cum
257 2371 431 2448 praecepta
469 2369 508 2433 de
545 2365 793 2448 tempestatibus
835 2364 1090 2448 praesagiendis,
1133 2363 1322 2444 ubicumque

147 2482 330 2557 occurrunt,
355 2478 422 2544 fere
446 2477 564 2545 eisdem
588 2497 712 2559 semper
734 2476 843 2544 verbis
865 2477 1053 2543 brevissime
1075 2476 1257 2555 tradantur,
1282 2496 1322 2540 ex

145 2605 208 2653 uno
232 2587 321 2655 fonte
348 2590 453 2656 onmia
482 2610 629 2657 manasse
651 2591 812 2668 videntur,
842 2608 923 2670 quae
946 2589 1067 2671 passim
1090 2587 1158 2653 1111
1181 2587 1266 2652 modi
1289 2593 1322 2652 et

146 2717 167 2763 a
183 2697 320 2765 Graecis
344 2706 377 2768 11
400 2722 419 2767 a
435 2702 591 2768 Romanis
614 2701 735 2767 litteris
751 2701 903 2767 mandata
919 2705 1003 2779 sunt,
1027 2699 1076 2765 ita
1098 2705 1135 2764 11
1155 2719 1195 2764 ex
1211 2698 1322 2778 ordine

147 2810 330 2891 111111111,
348 2832 411 2895 qua
427 2813 597 2896 asingulis
613 2813 825 2894 scriptoribus
837 2811 932 2895 signa
943 2816 1179 2891 enumerantur,
1198 2810 1322 2892 sperari

147 2922 252 3003 possit
284 2924 516 2990 validissimum
550 2929 773 3007 argumentum
810 2923 902 2990 nobis
939 2941 1110 2989 evasurum
1145 2941 1224 3001 1111,
1260 2941 1321 3004 quo

146 3034 318 3100 doceamur
350 3037 421 3118 quis
453 3057 473 3102 a
506 3055 567 3118 quo
595 3055 647 3101 res
674 3036 749 3101 illas
777 3041 943 3102 mutuatus
970 3035 1023 3100 sit.
1070 3035 1192 3102 Verum
1216 3052 1321 3116 quam-

145 3145 196 3211 vis
228 3152 306 3228 apta
340 3147 490 3215 videatur
522 3166 593 3214 esse
624 3147 777 3213 materies
807 3148 849 3212 ad
875 3146 1097 3213 diiudicandus
1129 3145 1321 3226 scriptorum

145 3258 407 3339 necessitudines
436 3266 504 3325 tam
532 3259 646 3342 ingens
670 3264 719 3325 est
742 3259 914 3325 multitudo
938 3257 1099 3324 hominum
1124 3257 1177 3337 qui
1199 3254 1321 3320 talibus

148 3369 264 3435 studiis
297 3389 426 3452 operam
458 3377 671 3450 navaverunt,
704 3371 850 3453 inprimis
883 3370 1063 3438 Stoicorum
1095 3366 1237 3432 familiae
1269 3366 1322 3431 ad-

116 3481 349 3563 scriptorum,
390 3488 457 3547 1111
491 3484 696 3549 vehementer
729 3482 906 3549 increbruit
944 3480 1017 3546 inde
1052 3499 1072 3545 a
1105 3477 1321 3560 Theophrasti

145 3597 253 3659 aetate
276 3594 309 3658 id
331 3593 490 3659 scribendi
518 3613 629 3677 genus
662 3598 700 3660 11
731 3613 810 3675 ques
842 3594 968 3659 fructus
995 3592 1058 3658 iam
1078 3591 1234 3675 manibus
1262 3608 1320 3655 111

145 3708 255 3770 111111
276 3705 495 3787 opinabamur,
518 3705 575 3772 vix
595 3705 718 3771 eminus
739 3705 840 3771 oculis
859 3704 1024 3787 percipere
1043 3702 1210 3785 possimus.
1249 3699 1322 3784 Qua

146 3816 185 3882 de
208 3835 306 3883 eausa
338 3817 580 3901 angustioribus
613 3817 764 3883 cancellis
798 3817 1095 3883 circumscribamus
1117 3831 1249 3880 necesse
1272 3818 1322 3878 est

147 3949 294 4010 campum
317 3929 409 3995 nobis
432 3930 679 4012 peragrandum.
718 3929 759 3993 In
782 3927 998 4008 Theophrasti
1019 3927 1123 4010 igitur
1145 3925 1200 4006 qui
1222 3924 1321 4007 vulgo

145 4040 249 4107 fertur
281 4042 320 4106 de
353 4041 455 4125 signis
489 4046 718 4123 tempestatum
749 4039 859 4106 libello
888 4040 996 4105 studia
1023 4044 1135 4104 nostra
1163 4038 1322 4104 collocare

147 4153 330 4218 statuimus,

169 4320 172 4324 1
253 4265 330 4329 Jam
359 4265 464 4331 altere
491 4264 530 4329 de
558 4282 656 4330 causa
682 4264 724 4329 ad
750 4263 841 4328 111111
865 4268 1043 4328 tractatum
1065 4259 1236 4343 praecipue
1258 4256 1323 4322 exi·

148 4375 286 4459 gendum
310 4375 440 4441 adducti
463 4393 582 4442 sumus,
617 4376 724 4442 Tanta
739 4374 824 4442 enim
846 4372 1017 4442 intercedit
1039 4370 1215 4440 similitudo
1237 4367 1323 4434 inter
