2948 5160
634 447 856 528 ..111-

158 643 290 709 eundem
314 641 535 708 Democritum
558 648 698 708 metente
721 642 824 707 fratre
847 618 915 706 eins
939 643 1082 707 Damaso
1108 642 1332 708 ardentissimo

155 761 249 820 aestu
281 772 401 832 orasse,
435 759 471 818 ut
503 734 645 833 reliquae
678 755 781 836 segeti
812 759 960 835 parceret
987 760 1178 834 raperetque
1205 740 1334 819 desecta

155 867 216 932 sub
244 871 374 944 tectum,
408 863 519 946 paucis
551 884 626 929 mox
653 865 740 930 horis
768 884 864 931 saevo
894 865 995 930 imbre
1022 865 1253 931 vaticinatione
1282 865 1334 946 aad·

157 979 316 1059 probata“
331 976 630 1042 commentariorum
643 978 806 1059 garrulam
821 976 1039 1042 curiositatem
1053 977 1185 1056 redolet,
1199 977 1333 1056 denique

158 1089 242 1169 quod
265 1087 321 1153 vix
341 1087 480 1154 inveniri
507 1095 623 1169 potest,
657 1108 718 1168 quo
752 1089 912 1154 referatur
935 1089 1016 1154 illud
1041 1088 1194 1168 „eundem
1218 1088 1333 1152 Demo-

161 1199 296 1265 11111111ιι
328 1219 399 1265 cum
431 1199 643 1282 undeviginti·
664 1200 877 1282 paragraphis
906 1206 1003 1265 antea
1037 1207 1232 1282 postremum
1266 1200 1334 1264 eius

126 1300 129 1304 ’
161 1310 278 1377 mentio
304 1310 391 1376 facta
419 1311 470 1376 sit.
519 1311 698 1377 Democriti
730 1311 833 1394 igitur
864 1331 977 1376 nomen
1009 1311 1088 1375 mihi
1120 1306 1266 1392 persuasi
1294 1329 1334 1375 ex

101 1460 104 1465 -
162 1422 268 1497 libello
291 1422 398 1502 aliquo
422 1422 600 1503 irrepsisse,
626 1424 680 1489 ubi
695 1418 837 1506 Vergilii
860 1411 961 1489 verba
984 1423 1165 1488 Democriti
1188 1422 1332 1503 exemplo
1379 1411 1381 1415 ’

158 1534 416 1601 illustrabantur.
464 1532 559 1618 Quid,
584 1535 668 1614 quod
691 1535 776 1600 inter
798 1536 912 1600 titulos
936 1535 1116 1600 Democriti
1140 1534 1333 1614 scriptorum

156 1664 176 1710 a
202 1645 378 1738 Thrasyllo
406 1644 440 1710 iu
466 1645 658 1728 tetralogias
685 1648 833 1712 redactos
862 1647 916 1731 (11
944 1646 1042 1729 Diog.
1071 1647 1174 1711 Laert
1196 1646 1254 1709 IX
1277 1647 1333 1728 48)

155 1757 211 1823 vix
242 1756 331 1822 ullus
363 1757 523 1838 reperitur
556 1757 611 1838 qui
643 1764 730 1822 certo
764 1759 805 1822 ad
832 1750 1039 1840 prognostIca
1066 1757 1181 1822 referri
1209 1755 1333 1837 possit?

155 1869 241 1935 Nam
274 1868 502 1948 technicorum,
536 1887 618 1948 quae
646 1868 765 1935 Graeci
797 1875 924 1948 uocant,
957 1868 1096 1949 priorem
1125 1868 1334 1950 tetralogiam

156 1985 243 2061 recte
269 1978 348 2044 milri
371 1979 682 2046 Schleiermacherus
714 1980 840 2064 (philos.
867 1980 997 2049 Schrift.
1023 1981 1081 2045 III
1104 2000 1133 2061 p.
1160 1981 1237 2063 292)
1266 1998 1336 2055 cen·-

161 2090 264 2157 suisse
277 2091 406 2157 videtur
421 2090 551 2156 medicis
575 2093 671 2157 rebus
689 2092 854 2170 contineri,
879 2091 926 2156 ita
949 2093 1034 2156 utin
1050 2092 1133 2156 libro
1149 2094 1333 2183 πρόγνωσις

159 2201 312 2283 inscripto
340 2204 379 2268 de
406 2205 587 2268 morborum
616 2203 742 2269 indiciis
770 2203 975 2286 cogitandum
1003 2203 1056 2269 sit.
1104 2203 1208 2286 Quod<
1226 2208 1333 2269 autem

159 2313 293 2379 alterius
313 2314 508 2397 tetralogiae
531 2317 662 2395 primus.
676 2315 758 2380 liber
785 2329 859 2403 napi
883 2331 1036 2409 γεωργίης
1060 2315 1253 2396 appellatur,
1283 2314 1334 2393 hic

160 2425 256 2491 aliter
278 2431 310 2491 et
332 2427 371 2492 de
394 2426 512 2492 mensis
528 2427 674 2507 partibus
691 2427 863 2492 tradidisse
878 2427 1098 2492 Democritum
1120 2445 1160 2490 ex
1183 2426 1229 2491 eis
1252 2443 1334 2506 quae

156 2556 255 2618 supra
278 2537 486 2604 disseruimus
510 2539 548 2603 de
571 2538 648 2603 luna
672 2518 864 2621 augescente
887 2545 920 2604 et
942 2540 1128 2604 tabescente
1143 2543 1279 2619 apparet
1302 2543 1335 2602 et

156 2651 283 2714 omniuo
324 2649 359 2715 in
398 2650 574 2716 artificiosa
614 2651 751 2731 quadam
798 2650 913 2715 talium
961 2669 1067 2715 rerum
1115 2648 1340 2730 explicatione.

155 2761 322 2828 versatum
358 2779 427 2827 esse
463 2768 534 2826 tota
572 2762 640 2827 eius
677 2763 783 2827 indole
818 2761 910 2827 nobis
946 2763 1102 2842 probatur
1141 2760 1193 2844 (ci.
1228 2760 1329 2826 Oicer.

158 2873 197 2937 de
229 2873 327 2939 divin.
360 2873 379 2938 Ι
411 2893 436 2938 c.
472 2875 502 2937 3.
537 2893 562 2938 1.
597 2876 672 2958 bu).
733 2873 768 2940 Si
800 2893 876 2940 vero
911 2873 1059 2938 Clemens
1089 2871 1333 2938 Alexandrinus

162 2993 302 3075 (Στρωμ.
326 2985 377 3051 IV
401 3005 432 3066 p.
455 2986 530 3049 255.
556 2986 660 3071 Sylb.)
688 2991 814 3052 narrat:
844 2991 1042 3078 Δημόκριτος
1067 2989 1103 3053 δὲ
1127 2989 1163 3053 ἐκ
1186 2992 1243 3075 τῆς
1266 2992 1334 3054 τῶν

160 3109 344 3185 μεταρσίων
364 3100 621 3190 παρατηρήσεως
645 3103 754 3167 πολλοὶ
779 3103 949 3188 προλέγων
973 3107 1078 3185 Σοφία
1103 3098 1332 3185 ἐπωνομάσθη

159 3205 267 3271 eodem
290 3205 358 3273 loco
382 3207 422 3273 de
436 3207 513 3273 eius
542 3208 636 3273 laude
665 3209 807 3274 detrabit
833 3208 957 3274 illustri
984 3207 1052 3273 eius
1080 3206 1163 3273 artis
1187 3206 1331 3287 exemplo

157 3317 305 3400 apposito
321 3338 459 3402 pergens
474 3324 715 3410 τεκμηράμενος
728 3323 763 3389 {a
780 3351 879 3391 τινων
891 3323 1039 3412 οἷστέρων
1055 3324 1163 3390 noddo
1176 3310 1338 3406 ἐσόμενον

155 3432 290 3522 ὄμβρον.
330 3429 439 3515 Quare
454 3432 540 3497 haud
556 3432 621 3497 scio
645 3452 687 3497 an
711 3451 764 3497 ars
788 3433 856 3498 eius
879 3432 913 3496 in
936 3431 1126 3497 sublimibus
1149 3430 1230 3496 satis
1247 3449 1333 3511 speo-

156 3546 227 3608 tata
250 3563 291 3610 ex
315 3542 550 3609 Chaldaeorum
561 3547 583 3628 1)
607 3544 729 3624 opertis
752 3544 855 3626 petita
878 3545 930 3610 111.
978 3543 1051 3622 Sed,
1079 3561 1269 3623 quamquam
1293 3543 1332 3606 de

155 3654 373 3736 prognosticis
408 3655 628 3721 Democritum
667 3656 783 3722 librum
819 3657 998 3722 condidisse
1033 3654 1232 3736 comprobari
1267 3673 1330 3719 non

156 3773 264 3844 potest
287 3785 390 3847 neque
412 3768 605 3848 persuadere
628 3768 705 3832 mihi
728 3787 866 3849 possum,
891 3787 972 3848 quae
987 3767 1194 3832 Democritea
1217 3765 1331 3831 attulit

159 3875 285 3943 Plinius
313 3897 352 3943 ex
378 3878 457 3959 ipsis
485 3881 553 3944 eins
581 3879 673 3944 libris
701 3888 849 3960 prompta
877 3899 956 3958 esse,
986 3899 1055 3944 eum
1080 3879 1119 3943 de
1142 3877 1218 3942 anni
1241 3897 1331 3958 prae·

159 3986 322 4070 sagiendis
361 3991 647 4069 vicissitudinibus
683 3991 716 4056 in
756 3991 927 4074 Georgicis
960 3991 1108 4069 fortasse,
1149 3989 1331 4069 disputasse

158 4100 260 4165 Plinii
275 4101 456 4168 testimonio
472 4106 641 4184 probatur:
659 4110 725 4168 nat.
742 4103 817 4169 hist.
835 4104 964 4171 XVIII
980 4110 1000 4186 ξ
1017 4103 1080 4167 231
1104 4101 1330 4181 „Democritus

412 4288 475 4295 -—--

262 4392 283 4455 ¹)
301 4388 384 4458 Diog.
406 4391 495 4443 laert.
516 4391 553 4442 IX
565 4393 607 4444 34.
623 4391 664 4444 35.
686 4397 712 4444 11
731 4390 876 4460 Hippolyt.
897 4389 1003 4442 Philus.
1025 4406 1047 4442 c.
1070 4388 1328 4457 recomparans

154 4494 180 4543 p.
201 4477 261 4531 565.
280 4479 463 4552 ’Δημόκριτος
487 4478 843 4554 σνμβαλών...ἱερεῡσιν
862 4483 893 4533 ἐν
912 4475 1048 4549 Αἰγύπτῳ
1073 4481 1121 4532 καὶ
1140 4474 1329 4550 ἅστρολόγοις

155 4568 205 4620 καὶ
224 4569 256 4622 ἰν
273 4570 425 4634 Βαβυλῶνι
441 4565 558 4637 μάγοις.
