2948 5160
620 245 841 308 -34-

256 439 387 520 scripta,
413 444 446 504 et
462 440 547 504 Plin.
564 439 640 505 hist.
657 443 724 505 nat.
741 440 865 508 XVII]
891 445 968 505 seot.
986 441 1050 504 343
1077 439 1125 518 „si
1148 439 1181 503 in
1205 443 1325 503 exortu

260 557 455 633 spargentur
477 552 595 631 partim
613 552 653 616 ad
669 557 812 616 austrum
833 550 951 632 partim
968 551 1009 616 ad
1025 550 1216 631 aquilonem,
1239 568 1325 630 pura

257 662 343 726 oiroa
369 681 440 727 eum
467 663 624 728 serenitas
650 663 694 728 sit
722 663 812 741 lioet‚'
842 662 984 744 pluviam
1011 668 1119 727 tamen
1143 666 1325 741 ventosque

258 771 517 855 significabunt“‚
544 780 619 839 sect.
646 775 711 839 346
738 774 786 852 „si
809 774 841 839 in
865 779 979 838 exortu
1006 774 1102 856 longe
1129 773 1237 837 radios
1265 791 1325 852 per

257 885 357 949 nubes
373 885 518 966 porriget
534 891 567 950 et
582 885 704 951 medius
720 885 782 949 erit
798 885 913 964 inanis
931 884 1073 965 pluviam
1089 883 1323 966 significabit.“

144 1018 228 1099 §31
253 1021 457 1106 ἐπινεφέλων
489 1017 574 1088 ὅθεν
606 1018 652 1089 o’iv
686 1020 852 1120 οἶνατέλλῃ
887 1050 919 1089 τι
955 1025 1025 1102 (pro
1062 1019 1321 1108 α’νατέλληται),

255 1132 415 1200 ἐντεῦθεν
439 1129 560 1218 ἄνεμος
578 1150 584 1162 ’
602 1133 806 1219 ἐπινεφέλων
834 1131 917 1195 einim
945 1150 1016 1196 cum
1043 1130 1123 1195 nihil
1146 1129 1210 1194 nisi
1227 1149 1326 1211 gene-

255 1241 342 1306 tivus
370 1241 507 1321 pluralis
536 1259 606 1306 osse
637 1243 740 1321 possit
773 1243 898 1325 (Herod
937 1243 1008 1308 VII
1040 1244 1082 1306 37
1116 1247 1149 1306 et
1176 1241 1327 1306 Aristot.

254 1353 357 1432 pr0bl.
398 1353 505 1419 XXV
547 1354 586 1416 18
632 1358 837 1441 ἐπινεφέλων
875 1355 982 1424 ὄντων
1027 1362 1060 1417 Oi
1105 1352 1139 1417 in
1176 1352 1327 1418 Arist-ot.

255 1464 424 1529 Meteorol.
450 1465 488 1528 ΙΙ
512 1466 532 1529 9
557 1465 640 1535 ὅταν
663 1470 859 1553 ἐπινέφελον
882 1461 928 1565 ᾖ),
953 1484 1015 1529 non
1039 1465 1140 1529 habeo
1164 1464 1326 1544 quomodo

254 1575 449 1656 interpreter
458 1577 624 1659 uolgarem
637 1576 842 1657 scripturam
861 1576 985 1641 aooedit
997 1577 1079 1657 quod
1093 1578 1327 1666 α’νατίλληται

254 1707 355 1770 genus
379 1687 692 1769 11111111111111111
717 1689 755 1753 de
779 1695 853 1753 ortu
876 1687 1057 1753 adhibetur.

144 1830 163 1906 ξ
186 1824 229 1887 39
254 1821 346 1906 Quae
369 1822 582 1888 Schneiderus
604 1829 701 1913 χῆνες
721 1829 862 1904 βοῶντες
878 1827 1009 1911 μᾶλλον
1027 1834 1083 1890 καὶ
1100 1821 1122 1911 ἢ
1138 1833 1213 1911 περὶ
1232 1839 1328 1892 σῖτον

254 1938 438 2022 μαχόμενοι
455 1937 587 1999 turbata
603 1933 757 2012 exhibuit,
772 1932 966 1998 Wimmerus
983 1933 1178 2013 depravasse
1189 1931 1325 1998 videtur

254 2044 416 2125 particula
439 2058 495 2114 καὶ
519 2050 688 2126 expuncta.
729 2045 833 2128 Quam
857 2043 1064 2125 respicientes
1087 2048 1212 2108 textum
1236 2044 1325 2110 huno

255 2156 485 2222 constituemus
495 2165 638 2241 βοῶντες
654 2161 785 2244 μᾶλλον
797 2162 923 2257 κλαγγῇ
935 2169 1009 2246 περὶ
1023 2175 1111 2226 σῖτον
1120 2158 1319 2243 μαχόμενοι.

256 2269 296 2334 of.
321 2268 463 2334 Diosem.
489 2271 553 2333 ‘289
578 2273 773 2359 κλαγγηόόν.
