2948 5160
619 256 841 319 -78-

145 447 293 514 extitisse
317 449 395 513 mihi
417 449 555 527 ridetur,
584 450 647 515 nisi
674 449 728 515 ubi
756 450 881 516 fructus
904 449 962 518 ille¹
982 421 1114 532 plurimi
1136 451 1323 516 haberetur.

53 600 55 607 ,
146 560 286 624 Fructus
310 566 416 625 autern
434 560 571 640 lentisci,
596 561 650 642 qui
665 562 764 644 vulgo
781 562 972 640 celebratur,
995 561 1105 629 resina
1124 562 1323 641 beneolens,

147 670 308 735 exsudans
339 672 464 751 liquore
496 673 679 737 abundante
711 673 879 753 aptissima
912 680 961 738 est
993 674 1034 760 ad
1066 673 1143 738 anni
1176 678 1326 753 tempora
1379 746 1381 749 ,

146 781 388 877 praesagiendo.
429 783 509 849 (lum
524 803 600 849 vero
617 784 723 849 resina
739 785 806 862 illa,
831 803 924 865 quam
940 801 1104 874 μαστίχην
1119 789 1237 849 vocant
1253 785 1326 849 sive

146 901 278 983 ῥητίνην
294 910 450 985 σχινίνην,
475 895 508 959 in
532 888 672 961 Graecia
694 895 766 976 ipsa
789 915 853 985 non
874 894 1053 976 proveniat,
1069 901 1090 977 ¹)
1124 895 1188 960 Oos
1216 895 1325 959 insula

147 1005 214 1068 eius
237 1023 340 1070 messe
363 1005 494 1085 ditetur,
518 1007 568 1071 illi
592 1007 793 1086 potissimum
809 984 943 1090 regioni,
968 1007 987 1070 i.
1014 1025 1046 1071 e.·
1065 1006 1193 1072 Eudoxi
1215 1005 1348 1093 Ouidii,

146 1114 272 1195 patriae
295 1118 354 1182 hoe
377 1118 616 1200 prognosticum
642 1118 880 1184 vindicaverim.
926 1118 1070 1182 Eandem
1095 1118 1137 1182 ad
1160 1117 1324 1200 regionem

146 1232 290 1306 spectat,¹
305 1230 388 1308 quod
411 1230 546 1309 primum
570 1230 655 1310 apud
678 1230 879 1294 Herodotum
903 1224 1190 1294 Halicarnasseum
1215 1247 1325 1315 σχῖνος

146 1338 298 1438 laudatur
320 1341 372 1408 IV
400 1343 458 1404 177
489 1342 507 1407 ὅ
536 1345 572 1408 δὲ
600 1348 658 1410 τοῦ
686 1345 792 1410 λωτοῦ
820 1346 946 1428 καρπός
975 1346 1041 1410 ἐστι
1069 1332 1220 1428 μέγαθος
1245 1339 1327 1408 r‘r'oov

146 1480 180 1518 ca
213 1457 270 1541 τῆς
304 1466 423 1537 σχίνου.
482 1450 583 1534 Quem
612 1470 801 1531 quamquam
830 1472 901 1516 cum
928 1451 1011 1517 alias
1033 1439 1173 1532 plantas
1188 1450 1324 1515 lentisco

148 1568 334 1641 eorrrparata
365 1563 569 1641 describeret,
603 1562 719 1642 quippe
751 1582 843 1643 quarn
877 1563 996 1644 optime
1028 1569 1146 1641 nosset,
1182 1563 1221 1626 de
1253 1562 1324 1642 ipso

146 1672 254 1737 fructu
291 1673 378 1739 bacis
415 1693 497 1738 urae
533 1675 638 1738 instar
674 1674 835 1756 cogitasse
872 1675 1075 1740 manifestum
1117 1679 1176 1752 est,
1215 1680 1326 1737 tamen

146 1784 337 1850 vocabulum
361 1789 489 1883 καρπός
514 1787 555 1850 ad
579 1785 717 1850 resinam
743 1785 869 1852 lentisci
890 1786 1010 1851 referre
1031 1785 1128 1851 licere
1152 1784 1325 1865 apparebit

147 1895 251 1960 exiis
275 1915 356 1976 quae
379 1897 506 1961 Plinius
530 1904 562 1961 et
587 1897 722 1965 maxime
751 1917 831 1976 quae
856 1898 967 1963 Oicero
996 1899 1130 1962 tradunt
1156 1896 1261 1960 minus
1285 1895 1326 1960 de

148 2007 255 2083 iiuctu
279 2027 373 2087 quam
397 2009 436 2072 de
460 2007 538 2072 flore
553 2014 790 2088 asseverantes;
815 2011 914 2074 habes
930 2010 1004 2075 hist.
1023 2015 1088 2075 nat.
1112 2007 1241 2076 XVIII
1258 2008 1325 2070 244

148 2137 246 2201 „ergo
270 2121 349 2184 haee
372 2119 476 2184 aratio
500 2120 558 2183 has
582 2119 713 2184 habebit
736 2126 839 2199 notas,
868 2120 996 2186 lentisci
1023 2120 1159 2201 primum
1183 2118 1326 2184 fructum

138 2229 344 2295 ‘ostendentis
372 2250 410 2296 ao
433 2231 496 2311 piri
528 2231 694 2296 florentis.
714 2232 776 2296 erit
808 2238 841 2297 et
868 2233 967 2297 tertia
994 2232 1027 2297 in
1051 2233 1220 2297 bulborum
1249 2235 1325 2294 satu

146 2341 268 2420 scillae,
296 2342 374 2407 item
396 2343 429 2407 in
453 2349 749 2408 coronamentorum
777 2343 922 2422 narcissi,
950 2362 1086 2424 namque
1113 2349 1146 2408 et
1169 2344 1248 2406 llaec
1272 2348 1325 2405 ter

54 2480 58 2489 ·
146 2453 261 2518 florent
297 2455 462 2535 primoque
493 2454 571 2518 flore
607 2455 742 2534 primam
780 2456 958 2521 arationem
997 2455 1179 2530 ostendunt,
1218 2453 1323 2516 medio

148 2566 328 2644 secundam,
365 2567 462 2631 tertIo
497 2566 724 2632 novissimam‘
761 2573 794 2659 et
829 2566 940 2632 Cicero
977 2567 1028 2649 (de
1061 2565 1158 2632 divin.
1183 2565 1201 2629 Ι
1226 2583 1251 2629 c.
1279 2566 1324 2649 9.)

148 2678 289 2742 Arateos
312 2679 370 2742 lios
393 2697 506 2744 versus
532 2678 622 2756 „Iam
646 2696 721 2742 vero
747 2697 871 2758 semper
893 2678 1016 2756 vindis,
1041 2695 1227 2757 semperque
1251 2694 1325 2756 gra·

147 2794 225 2854 rata
252 2789 424 2862 Lentiscus
455 2789 576 2869 triplici
609 2789 707 2854 solita
738 2789 950 2870 grandescere
982 2788 1080 2863 foetu,
1114 2788 1178 2852 Ter
1210 2786 1324 2868 fruges

147 2900 292 2979 fundens,
304 2901 382 2966 'tria
405 2908 551 2981 tempora
567 2906 726 2966 monstrat
742 2901 876 2966 arandi‘
902 2901 1043 2981 explieat
1058 2901 1127 2980 ipse
1147 2898 1197 2963 his
1213 2898 1323 2964 verbis

148 3030 226 3089 „nec
249 3014 308 3078 hoe
331 3013 456 3093 quidem
480 3032 607 3093 quaero,
637 3032 693 3078 cur
720 3014 799 3077 liaeo
826 3014 923 3077 arbor
946 3032 1010 3076 una
1034 3018 1084 3076 ter
1111 3010 1234 3087 floreat,
1265 3014 1324 3073 aut

94 3164 97 3169 -
147 3143 204 3188 our
227 3124 340 3189 arandi
362 3125 585 3189 maturitatem
609 3124 649 3188 ad
673 3124 799 3205 signum
823 3123 910 3188 floris
934 3122 1180 3200 accommodet‘,
1206 3121 1261 3186 ubi
1284 3140 1322 3185 eo

146 3235 250 3317 magis
266 3235 462 3315 oll'endimus,
488 3236 570 3316 quod
587 3236 626 3300 de
648 3235 726 3300 flore
742 3235 822 3299 nihil
845 3237 965 3300 habent
985 3236 1113 3298 Aratea
1136 3233 1204 3297 illa.
1240 3233 1323 3299 Ver-

147 3346 244 3430 gilius
267 3349 353 3412 haud
376 3347 441 3412 scio
466 3368 506 3412 an
530 3348 658 3413 lentisci
680 3346 921 3429 prognosticum
941 3345 1156 3427 praeterierit,
1180 3343 1264 3425 quod
1287 3342 1322 3408 in

149 3457 249 3523 Italia
280 3458 348 3523 eius
379 3458 504 3524 fructus
534 3479 597 3524 non
628 3459 713 3524 tanti
744 3458 930 3522 habebatur.
941 3460 967 3542 ⁸²)
1014 3456 1077 3523 Sed
1108 3455 1188 3521 satis
1218 3456 1322 3519 liabeo

252 3782 271 3846 ¹)
297 3781 385 3833 Lenz:
412 3781 532 3834 Bolanik
557 3782 606 3833 der
631 3782 702 3833 alten
729 3780 776 3832 Gr.
802 3798 828 3833 u.
850 3781 967 3832 Rbmer:
995 3779 1077 3832 Giebt
1099 3779 1150 3830 auf
1173 3778 1222 3829 der
1245 3777 1321 3828 lnsel

149 3867 246 3933 Chios,
273 3867 340 3919 aber
364 3868 442 3919 nieht
460 3869 510 3918 auf
526 3868 589 3920 dem
609 3867 757 3919 Festlande
777 3867 826 3918 das
846 3865 1040 3918 Mastia-Ham.
1079 3865 1115 3916 cf.
1135 3863 1321 3916 Dioscorides

148 3952 181 4004 de
207 3958 272 4005 mat.
295 3952 366 4006 med.
394 3954 447 4006 lc.
468 3953 499 4005 51
519 3961 546 4006 et
564 3971 586 4006 c.
607 3954 653 4020 903
680 3960 761 4021 atque
787 3953 820 4004 de
845 3959 944 4004 natura
966 3951 1049 4003 huius
1075 3949 1184 4003 arboris
1208 3947 1325 4013 scripsit

148 4038 289 4104 Theophr.
310 4038 373 4092 bist.
395 4040 482 4107 plant.
503 4041 540 4091 lX
560 4039 627 4104 1,2.
647 4041 674 4103 2,
693 4040 716 4092 4.

249 4127 272 4187 ²)
293 4125 389 4176 Hehn:
411 4124 637 4193 Culturpllanzeu
651 4142 677 4177 u.
693 4125 851 4187 Haustiere,
873 4124 968 4174 Berlin
982 4122 1048 4174 1874
1060 4140 1088 4190 p.
1102 4123 1168 4175 362:
1189 4121 1220 4171 ln
1234 4119 1322 4172 Form

149 4227 202 4263 von
223 4209 428 4276 iinmergrduen
444 4210 609 4263 Gebfischen
629 4213 657 4262 in
672 4212 723 4262 den
739 4209 939 4262 sliditalischen
953 4208 1194 4276 Kristenregionen
1215 4205 1321 4271 hautig,

106 4343 109 4348 .
149 4311 193 4347 wo
213 4311 242 4346 er
255 4297 322 4347 aber
333 4295 433 4347 keinen
448 4297 549 4350 Mastia
568 4315 594 4349 u.
616 4296 693 4349 scine
707 4296 812 4347 Beer-en
828 4295 899 4348 auch
912 4312 965 4346 nur
979 4296 1022 4345 ein
1036 4295 1148 4357 berbee,
1169 4291 1321 4346 hbchsteus

149 4397 212 4435 zum
230 4381 359 4433 Breunen
380 4382 533 4436 dienliches
553 4383 604 4434 Oel
622 4382 721 4451 geben.
