2948 5160
623 588 844 652 ..39-

145 784 238 851 Nihil
270 784 353 851 enim
380 784 469 850 aliud
502 783 608 850 inesse
638 783 768 849 uidetur
798 782 832 850 in
860 782 960 850 Arati
994 783 1141 850 versibus
1173 785 1237 848 926
1272 800 1319 864 sq.
1427 800 1437 815 ·

143 910 202 966 καὶ
226 901 283 966 dcci
309 901 412 968 νύκτα
435 902 612 984 μέλαιναν,
641 896 689 965 ὅτ’
715 899 848 988 οἷστίρες
872 898 1010 966 οἶΐσσωσι
1039 908 1184 987 Turoqua,
1213 909 1263 964 coi
1288 900 1317 964 δ’

145 1008 274 1078 ὄπιθεν
301 1017 395 1100 ρυμοῑ
419 1012 714 1089 ἔπλευκοιίνωντοιι,
747 1012 932 1096 Δειόέχθαι
961 1023 1079 1088 κείνοις
1108 1008 1216 1098 αὐτήν
1239 1009 1321 1077 idio
1354 1069 1358 1081 .

144 1123 332 1209 ἔρχομίνοιο
364 1123 567 1208 Πνεύματος,
600 1138 703 1199 neque
736 1119 835 1187 aliter
868 1119 1068 1200 interpretor
1102 1119 1318 1199 Theophrasti

145 1232 248 1297 verba
276 1242 370 1322 (Περὶ
404 1232 539 1319 οἷνίμων
566 1237 586 1313 ξ
610 1232 665 1314 36)
698 1235 857 1323 πρότερον
888 1235 952 1321 γοὲρ
981 1233 1000 1298 o‘
1029 1232 1094 1321 οἷῆρ
1123 1232 1141 1298 o‘
1170 1231 1242 1301 ἄνω
1275 1238 1322 1319 τῷ

146 1345 291 1428 πάσχειν
326 1344 492 1433 οἷποόρλοῖ
523 1346 584 1432 τήν
617 1350 685 1413 τοῖν
723 1346 924 1430 πνευμάτων
962 1346 1077 1431 011011,-
1115 1360 1208 1422 quem
1246 1361 1322 1409 Vero

143 1452 342 1527 ¹Aristotelis
374 1453 478 1519 locum
510 1453 790 1532 111111Ι1111111,
823 1454 967 1535 problem
994 1453 1124 1522 XXVI
1153 1455 1206 1534 23,
1239 1455 1323 1520 hunc

147 1562 224 1631 111·
240 1584 311 1631 cum
339 1565 407 1630 fere
434 1563 580 1659 omnibus
608 1564 748 1631 eiusdem
775 1566 879 1633 libelli
906 1564 1158 1646 quaestionibus
1192 1585 1232 1630 ex
1263 1567 1324 1632 hoc

146 1675 216 1757 ipso
245 1675 461 1757 Theophrasti
488 1676 528 1742 de
555 1677 661 1743 ventis
688 1677 870 1761 fragmento
898 1676 1035 1758 petitum
1062 1695 1132 1741 esse
1159 1676 1247 1742 infra
1274 1677 1325 1742 de-

146 1789 343 1854 monstrabo,
389 1787 469 1854 Oum
489 1788 591 1871 igitur
610 1789 729 1856 rectius
753 1789 913 1855 diceretur
937 1807 1021 1870 „qua
1036 1787 1168 1870 regione
1184 1788 1324 1855 animad-

123 1962 126 1967 .
146 1899 303 1966 vertimus
315 1899 430 1965 stellas
442 1881 669 1981 discurrentes,
684 1901 758 1966 inde
769 1901 890 1979 venti‘,
906 1900 963 1965 alii
976 1900 1073 1965 aliter
1084 1906 1320 1980 expresserunt.

148 2010 243 2077 Nihil
262 2011 366 2095 igitur
388 2010 571 2093 offensionis
594 2014 693 2079 habet
714 2015 794 2080 haec
816 2013 977 2094 posterior
996 2010 1112 2092 capitis
1132 2030 1217 2092 pars.
1252 2013 1322 2078 Iam

151 2140 231 2191 vero
258 2126 357 2188 totum
386 2130 485 2205 caput
517 2125 557 2190 ad
585 2114 779 2191 communem
811 2123 903 2190 illum
926 2123 1025 2190 Arati
1053 2128 1086 2188 et
1112 2123 1324 2204 Excerptoris

156 2232 278 2297 fontem
292 2233 487 2301 referendum
503 2255 582 2317 esse,
607 2237 697 2305 firmo
714 2241 903 2320 argumento
919 2254 959 2300 ex
975 2234 1082 2316 priore
1097 2233 1191 2300 huius
1208 2235 1325 2316 capitis

158 2349 252 2425 parte
271 2352 392 2427 sumpto
409 2348 616 2429 comprobare
631 2367 808 2429 possumus
845 2347 926 2414 Oum
947 2345 1029 2412 enim
1046 2365 1086 2410 ex
1102 2352 1323 2427 excerptorum

158 2456 235 2541 §34
257 2458 345 2523 1145
369 2458 472 2525 conici
494 2458 598 2541 possit
621 2461 654 2525 in
679 2460 817 2542 genuino
841 2459 924 2524 libro
947 2457 1034 2523 inter
1056 2456 1207 2523 sublimia
1231 2458 1325 2542 signa

154 2567 314 2648 expositus
346 2569 447 2635 fuisse
479 2571 622 2637 rationes
654 2571 740 2637 inter
776 2570 906 2653 singula
942 2571 1018 2635 anni
1050 2575 1197 2650 tempora
1228 2569 1326 2635 inter·

151 2678 310 2759 cedentes
334 2700 399 2746 non
422 2681 491 2747 sine
514 2683 631 2766 gaudio
648 2682 913 2764 deprehendimus
929 2681 1071 2746 Plinium
1087 2679 1326 2761 disputaturum

149 2790 188 2855 de
223 2790 393 2859 stellarum
430 2794 654 2861 observatione
691 2794 732 2859 ad
768 2793 844 2859 illas
882 2792 1083 2859 condiciones
1122 2794 1326 2873 exponendas

146 2902 327 2970 aberrasse.
364 2905 502 2971 Accedit
524 2907 608 2987 quod
632 2906 770 2989 singulis
790 2904 891 2971 Plinii
915 2903 1093 2969 enuntiatis
1116 2905 1269 2970 habemus
1293 2907 1327 2970 11

147 3014 310 3095 excerptis
333 3034 414 3096 quae
436 3018 662 3099 respondeant,
687 3036 877 3098 quamquam
893 3035 1014 3098 paruus
1030 3020 1155 3081 tantum
1173 3015 1327 3081 eiusmodi

147 3125 411 3193 observationum
434 3148 585 3194 numerus
609 3135 700 3196 extat
724 3129 812 3195 etin
836 3128 996 3209 excerptis
1021 3134 1053 3194 et
1076 3128 1162 3208 apud
1184 3127 1325 3192 Plinium

148 3235 188 3301 cf.
206 3254 237 3317 p.
259 3237 332 3319 168,
353 3240 397 3304 34
412 3241 578 3320 „autumni
595 3242 753 3307 serenitas
778 3247 945 3309 ventosam
965 3240 1098 3305 hiemem
1115 3238 1225 3304 facit.“
1247 3240 1327 3323 §44

148 3356 213 3423 e'oiv
244 3356 281 3421 cd
314 3356 507 3443 μετόπωρον
535 3356 700 3424 adducendo
727 3357 821 3442 παρά
851 3358 887 3421 cd
917 3356 1002 3432 εἰκός
1035 3365 1169 3440 γίνηται
1197 3355 1233 3419 cd
1264 3354 1323 3436 ἔαρ

147 3478 276 3550 γίνεται
304 3469 435 3561 ψοχρόν
451 3467 494 3545 οἷς
510 3470 553 3534 τοὶ
570 3469 696 3547 πολλοὶ;
712 3470 809 3545 11011
821 3464 935 3529 melius
951 3462 1136 3544 conspirant
1148 3482 1178 3543 p.
1196 3464 1268 3541 168,
1285 3463 1328 3526 32

151 3576 202 3655 „si
212 3595 271 3643 ver
282 3582 316 3642 et
331 3581 441 3642 aestas
452 3596 516 3642 non
528 3576 597 3641 sine
613 3575 783 3658 refrigerio
800 3575 907 3656 aliquo
924 3574 1123 3652 transierint,
1142 3579 1329 3640 autumnum

150 3707 297 3754 serenum
320 3709 359 3755 ac
381 3693 503 3755 tersum
526 3688 693 3770 minusque
715 3672 884 3756 ventosum
906 3687 1058 3753 facient-.“
1092 3693 1112 3770 g
1135 3687 1179 3750 44
1202 3691 1266 3757 ἐάν
1289 3691 1325 3756 τό

151 3802 213 3889 ἔαρ
235 3815 293 3870 καὶ
315 3805 352 3870 co*
379 3813 477 3892 θέρος
504 3805 616 3894 ψυχροὶ
647 3816 776 3890 γίνηται
805 3800 828 3891 ἦ
851 3830 884 3869 τε
909 3800 1026 3889 ὅπωροι
1056 3814 1182 3885 γίνεται
1211 3812 1267 3867 καὶ
1291 3805 1328 3868 co*

149 3915 343 3999 perdocemur
375 3917 537 4002 πνιγηρόν
569 3926 626 3980 καὶ
658 3914 717 3981 οὐκ
751 3914 936 4000 α’νεμοῖδες,·
970 3911 1024 3976 ubi
1056 3914 1218 3999 πνιγηρόν
1245 3910 1330 3975 idem

151 4022 315 4107 significat
337 4029 435 4105 11011
458 4026 632 4104 ωῗὸιεινόν,
658 4029 694 4089 11
717 4024 759 4089 ad
782 4022 911 4106 Vergili
934 4040 1063 4088 versum
1088 4021 1199 4105 Georg
1222 4023 1240 4087 Ι
1264 4024 1329 4087 352

152 4134 286 4201 Servius
318 4135 454 4201 adnotat
496 4139 626 4213 „aestus
659 4154 716 4216 pro
751 4133 981 4201 serenitatibus
1012 4135 1151 4214 posuit‘.
1213 4134 1332 4199 Restat

152 4264 250 4311 unum
273 4242 485 4325 enuntiatum,
514 4247 598 4328 quod
626 4247 676 4312 sui
705 4247 809 4313 simile
836 4265 938 4327 11011
961 4246 1046 4326 apud
1069 4247 1211 4311 Aratum
1233 4246 1332 4311 habet

153 4357 310 4439 1101111
334 4359 496 4440 excerptis
530 4359 673 4437 „caelum
702 4378 772 4424 cum
800 4358 980 4439 aequaliter
1008 4363 1112 4422 totum
1140 4357 1203 4423 en't
1230 4358 1335 4438 splen-

152 4468 262 4535 didum
278 4470 427 4536 articulis
441 4476 621 4551 temporum
636 4489 716 4551 quos
732 4470 966 4551 proposuimus,
984 4475 1170 4535 autumnum
1187 4487 1332 4534 serenum

151 4581 333 4663 praestabit
364 4588 397 4647 et
430 4580 616 4666 frigidum‘.
671 4584 783 4662 Atque
814 4581 885 4646 ideo
918 4581 1058 4646 fortasse
1089 4582 1214 4646 frustra
1246 4598 1331 4668 apup

152 4692 236 4763 alios
251 4693 429 4776 quaeritur,
446 4694 530 4776 quod
545 4693 674 4761 Plinius
691 4713 773 4776 0111
788 4692 913 4761 invenit
928 4712 1079 4776 perverse
1093 4689 1332 4772 transscripsit;
