2948 5160
629 575 849 637 ..45--

151 768 286 837 navales
308 767 428 848 optime
443 768 629 849 conspirant
651 772 722 834 cnm
737 769 858 852 Vegcti
873 768 1016 849 consilio,
1040 770 1185 852 qnodque
1199 769 1327 835 initium

150 887 185 947 et
200 879 308 946 exitus
319 878 409 945 illius
421 879 538 960 capitis
550 880 590 945 ad
603 898 696 945 usum
711 881 860 947 navalem
876 881 1075 947 conformate
1091 900 1161 946 esse
1176 881 1327 948 videntur

152 991 292 1073 „Multis
323 1009 448 1072 quoqne
480 990 581 1073 signis
614 997 647 1057 et
674 992 713 1057 de
739 992 915 1073 tranquillo
944 993 1105 1073 procellae
1132 998 1165 1058 et
1188 993 1227 1058 de
1250 998 1327 1058 tem·

150 1102 335 1187 pestatibns,
363 1101 541 1183 tranquilla
564 1103 774 1183 produntur‘,
808 1103 989 1184 pluviarum
1021 1104 1104 1169 euim
1132 1110 1232 1169 nanta
1259 1104 1327 1171 sere

151 1214 275 1287 nnllam
297 1214 395 1279 habet
418 1212 585 1292 rationem,
614 1221 711 1294 atque
740 1215 928 1296 „aliquanta
957 1216 997 1281 ab
1021 1216 1135 1282 avibus
1159 1216 1326 1297 aliquanta
1365 1264 1369 1274 .

151 1324 378 1409 significantur
408 1344 428 1389 a
459 1325 632 1405 piscibns“,
665 1326 721 1391 nbi
752 1326 859 1391 facere
891 1346 954 1392 non
986 1346 1154 1407 possumus
1182 1328 1258 1408 quin
1285 1329 1326 1394 ad

151 1438 333 1507 Varronem
356 1435 460 1518 pisces
483 1436 557 1502 illos
581 1438 767 1516 referamne,
796 1456 876 1516 cnm,
905 1438 1042 1519 quaein
1067 1438 1238 1522 Georgicis
1262 1459 1326 1504 non

150 1554 275 1628 extant,
303 1548 447 1616 Varroni
473 1548 645 1614 tribuenda
672 1548 748 1615 sint.
795 1547 918 1614 Contra
945 1550 1042 1615 lunae
1069 1556 1102 1615 et
1130 1550 1208 1616 solis
1232 1551 1326 1633 signa

150 1661 200 1727 ita
214 1679 235 1727 a
249 1658 391 1744 Vegetio
408 1660 625 1741 proferuntur,
647 1668 684 1726 nt
699 1680 770 1726 cnm
786 1661 1000 1728 Varronianis
1016 1661 1083 1727 illis
1094 1660 1325 1745 prognosticis,

151 1790 233 1855 qnae
255 1789 355 1853 snpra
377 1771 611 1851 adnotavimus,
636 1772 691 1838 vix
715 1772 892 1839 consociari
908 1773 1042 1854 possint,
1067 1792 1138 1839 enm
1155 1772 1327 1856 Georgicis

150 1884 259 1967 potius
281 1883 475 1964 conspirent.
513 1883 644 1951 Scilicet
666 1886 745 1950 haec
760 1884 893 1967 Vegetii
918 1885 967 1964 „si
990 1890 1105 1966 quarto
1129 1891 1202 1950 ortu
1224 1904 1326 1966 neque
1427 1878 1431 1891 '

154 1997 277 2065 obtusis
299 1995 469 2061 cornibns“
495 2001 582 2061 certe
604 1997 739 2062 redeunt
762 1996 804 2061 ad
828 1996 939 2078 Georg
962 1997 981 2061 Ι
1004 1998 1083 2061 432ι

356 2107 404 2159 Sin
425 2114 488 2160 ortu
507 2113 617 2175 quarto,
636 2125 758 2176 namque
776 2108 800 2161 is
820 2111 993 2161 certissimus
1013 2115 1120 2174 auctor,

354 2193 429 2245 Pura
447 2209 537 2261 neque
556 2194 685 2246 obtunsis
705 2210 755 2264 per
774 2195 880 2246 caelum
900 2195 1034 2247 cornibus
1053 2194 1113 2248 ibit.

264 2280 379 2348 Tamen
402 2282 444 2348 lis
467 2283 624 2348 sitinter
647 2284 827 2351 Varronem
841 2292 861 2370 Ι)
893 2290 926 2349 et
950 2285 1146 2367 Vergilinm;
1181 2304 1277 2350 nnnm
1305 2305 1325 2350 a

162 2392 292 2477 Vegetio
314 2395 473 2475 docemur,
501 2395 535 2461 in
562 2396 733 2461 navalibus
760 2396 827 2461 illis
855 2396 948 2461 libris
971 2397 1024 2461 vel
1047 2397 1155 2477 potins
1177 2397 1212 2462 in
1234 2398 1325 2478 ephe

157 2504 271 2570 meride
285 2506 446 2574 Varronis
469 2507 579 2573 navali
603 2507 737 2588 piscium
754 2510 961 2590 prognostica
976 2527 1046 2573 esse
1061 2508 1193 2573 tradita.
1231 2506 1325 2592 Quod

151 2615 180 2681 si
201 2622 288 2683 recte
303 2618 463 2701 Vegetius
479 2618 635 2698 narravit,
660 2620 799 2684 alterum
816 2624 1039 2703 argumentum
1057 2620 1149 2685 nobis
1165 2621 1323 2701 praebuit,

150 2747 211 2810 qno
234 2732 474 2811 comprobemus
491 2730 632 2795 Plinium
656 2731 689 2795 111
705 2731 914 2815 congerendis
932 2731 1148 2814 prognosticis
1166 2732 1324 2800 Varronis

150 2858 246 2923 opere
277 2861 353 2913 uon
373 2861 465 2907 nsnm
497 2861 577 2908 esse.
634 2843 732 2925 Apud
764 2842 907 2908 Plinium
938 2842 1022 2909 enim
1056 2843 1160 2925 pisces
1192 2863 1324 2925 prorsus

71 2964 75 2971 ‘
148 2952 274 3032 desunt,
304 2952 366 3018 nisi
393 2953 562 3035 delphinus
589 2954 623 3020 in
650 2973 687 3021 eo
711 2974 841 3021 numero
869 2955 1033 3036 ponendus
1061 2961 1120 3034 est,
1149 2955 1203 3037 qni
1226 2955 1323 3021 etiam

147 3062 182 3129 in
206 3065 367 3147 excerptis
392 3072 657 3132 commemoratur
680 3073 713 3151 (ς
740 3069 801 3153 19).

256 3174 401 3242 Isidorus
429 3177 649 3258 Hispaliensis
676 3179 752 3245 libri
781 3179 841 3259 „de
868 3185 986 3245 natura
1014 3189 1141 3245 rernm“
1175 3179 1323 3260 inscripti

149 3294 247 3367 capnt
278 3290 321 3353 38
355 3289 415 3368 „de
446 3289 548 3372 signis
575 3296 804 3372 tempestatum
836 3291 889 3358 vel
917 3291 1123 3357 serenitatis‘
1153 3291 1321 3370 Varronis,

148 3397 271 3482 Nigidi,
293 3399 432 3482 Vergili,
456 3401 558 3468 Arati
573 3402 688 3484 pannis
704 3403 839 3483 consuit,
864 3421 943 3484 quos
959 3403 1133 3483 scriptores
1149 3402 1323 3469 verisimile

149 3516 199 3576 est
230 3510 317 3592 ipsos
350 3532 421 3578 enm
453 3533 515 3579 non
547 3514 663 3593 adisse,
697 3515 812 3580 sedin
841 3515 975 3582 Snetoni
1002 3514 1184 3595 Tranquilli
1211 3514 1322 3579 Pratis

149 3628 318 3705 congestos
341 3623 512 3691 invenisse.
548 3628 600 3691 Ex
623 3626 690 3692 illis
714 3627 797 3692 enim
820 3646 884 3692 non
906 3646 1010 3708 panca
1032 3627 1065 3691 in
1088 3625 1182 3691 initio
1206 3626 1322 3706 capitis

149 3734 330 3815 adscripsit,
364 3756 445 3817 quae
477 3738 586 3802 eadem
619 3739 767 3819 fortasse,
801 3758 871 3804 cnm
904 3743 1029 3804 constet
1057 3736 1245 3805 Suetonium
1277 3736 1323 3802 111-

148 3845 260 3926 primis
293 3848 451 3915 Varronis
488 3849 611 3932 scripta
647 3850 845 3931 compilasse,
885 3850 926 3915 ad
958 3851 1138 3920 Varronem
1176 3849 1320 3929 redeunt,

147 3958 337 4038 praesertim
360 3979 432 4025 cnm
447 3961 582 4042 piscium
597 3961 870 4045 praesagientinm
893 3961 1011 4027 mentio
1035 3961 1101 4026 fiat.
1139 3961 1202 4027 Sed
1223 3962 1321 4026 certis

147 4070 347 4152 argumentis
371 4092 524 4138 caremus.
1325 4065 1330 4072 ⁷

253 4181 367 4249 Finem
404 4185 506 4251 totins
545 4191 733 4267 conspectus
767 4184 868 4251 iaciat
906 4191 1019 4251 auctor
1054 4183 1319 4266 Geoponicornm‚

251 4453 271 4515 ¹)
290 4452 315 4503 A
328 4453 452 4505 Varrone
472 4454 681 4521 quodammodo
701 4456 796 4505 omnia
808 4460 951 4506 mutuatus
971 4470 1033 4506 esse
1053 4453 1162 4507 videtur
1175 4452 1318 4521 Vegetius,

147 4552 218 4603 quae
237 4535 301 4588 iude
326 4555 342 4589 a
365 4541 456 4607 capite
474 4542 507 4592 38
531 4541 656 4608 disputat
679 4540 712 4591 de
736 4546 884 4592 ventorum
910 4539 1060 4608 positione,
1086 4540 1120 4591 cle
1145 4541 1318 4606 temporibus

145 4622 319 4690 navigationi
351 4626 528 4693 opportunis,
563 4627 596 4678 de
624 4625 763 4679 sideribus
791 4624 985 4679 observandis.
1023 4627 1058 4679 cl‘.
1088 4626 1194 4680 Seneca
1220 4625 1315 4678 Natur.

146 4720 255 4783 quaest.
277 4710 298 4760 V
319 4711 362 4776 16,
381 4714 434 4767 3-6.
