2948 5160
624 253 830 331 -4—,

137 465 279 514 summae
294 449 492 514 Arateorum
506 448 618 531 paucis
633 454 701 514 tam
717 448 881 515 subtiliter
895 449 1099 531 definiuntur,
1123 458 1160 516 ut
1175 451 1308 540 Eratos-

137 561 227 626 theni
249 562 303 628 vel
318 560 506 642 Hipparcho
530 561 724 642 posteriores
748 561 818 627 iure
833 561 975 628 tribuere
990 561 1054 628 visi
1076 561 1152 642 sint,
1166 568 1187 647 ¹)
1212 568 1308 643 eaput

135 683 211 766 περὶ
237 687 422 764 μεταρσίων
456 671 604 751 occurrit,
638 692 699 755 quo
729 672 939 739 Aristoteleis
973 673 1153 739 rationibus
1187 672 1308 738 humidi

34 800 37 808 ·
134 803 271 865 vapores
294 783 538 866 pluviarumque
561 802 680 868 genera
695 784 928 851 describuntur.
965 785 1081 852 Nonne
1102 784 1307 850 manifestum

135 901 185 961 est
200 888 389 962 Diosemeas
411 894 513 960 totius
533 897 828 962 Phaenomenorum
852 897 995 978 corporis
1017 897 1110 977 quasi
1133 898 1307 962 membrum

135 1006 257 1073 fuisse?
293 1006 385 1091 Quae
404 1026 475 1073 cum
490 1006 539 1071 ita
562 1004 627 1070 sint
650 1023 722 1073 curn
744 1007 853 1089 aliqua
875 1007 1104 1090 probabilitate
1120 1009 1308 1074 concludere

134 1118 280 1186 videmur
295 1119 392 1184 etiam
407 1119 441 1184 in
457 1116 637 1183 Diosemeis
653 1119 824 1184 condendis
839 1126 954 1201 poetae
969 1120 1139 1185 Eudoxum
1154 1119 1306 1201 praeisse,

134 1231 324 1311 praesertim
340 1250 411 1297 cum
426 1230 615 1312 Hipparcho
631 1234 748 1315 teste2)
769 1232 924 1296 Eudoxus
946 1231 996 1298 bis
1019 1232 1059 1297 de
1074 1230 1308 1297 Phaenomenis

134 1341 309 1424 scripserit,
328 1341 483 1409 Geminus
495 1344 564 1408 loco
577 1360 675 1423 supra
690 1342 852 1423 adscripto
869 1343 1030 1424 expressis
1045 1343 1153 1411 verbis
1169 1342 1308 1408 affirmet

132 1454 302 1520 Eudoxum
326 1455 445 1520 eisdem
476 1455 578 1538 signis
610 1454 725 1535 quibus
748 1454 890 1520 Aratum
918 1455 959 1520 ad
982 1459 1191 1536 tempestates
1218 1473 1307 1536 prae-

133 1565 283 1632 dicandas
299 1585 389 1631 usum
402 1585 482 1645 esse,
503 1566 667 1648 Diogenes
680 1565 833 1633 Laertius
844 1566 972 1632 Eudoxi
983 1573 1307 1659 μειεωρολογούμενα

133 1683 356 1746 commemoret
387 1679 500 1762 (VIII,
535 1681 598 1763 ab).
651 1678 714 1744 Sed
746 1679 891 1758 quamvis
923 1698 1041 1761 magna
1072 1677 1151 1744 insit
1183 1678 1217 1744 in
1248 1678 1307 1743 illa

134 1790 336 1856 conclusione
362 1790 485 1871 species
512 1789 762 1871 probabilitatis
794 1808 926 1871 prorsus
953 1790 987 1855 in
1015 1791 1144 1856 dubium
1172 1796 1308 1875 vocatur

134 1907 204 1969 tota
228 1901 373 1985 quaestio
397 1906 430 1966 et
453 1901 639 1967 calamitate
665 1902 724 1966 illa
751 1921 814 1982 qua
842 1903 987 1976 omnibus
1013 1902 1152 1968 testibus
1175 1902 1214 1967 de
1238 1921 1308 1967 con·

133 2015 313 2081 tinuatione
336 2013 631 2078 Phaenomenorum
655 2013 853 2095 diversisque
881 2014 996 2096 quibus
1023 2014 1171 2096 singulae
1197 2019 1307 2095 partes

134 2125 282 2192 conditae
305 2125 370 2190 sint
397 2125 594 2205 temporibus
621 2125 769 2191 destituti
796 2145 905 2191 sumus
933 2131 966 2191 et
993 2125 1139 2191 socordia
1168 2124 1307 2192 vitarum

134 2238 335 2319 scriptorum,
361 2237 416 2318 qui
438 2255 491 2303 res
513 2237 600 2302 inter
622 2257 656 2303 se
679 2242 897 2319 repugnantes
921 2238 989 2303 sine
1012 2237 1138 2303 ratione
1162 2255 1307 2319 congess-

133 2355 272 2434 erunt.³)
307 2348 418 2415 Etiam
441 2348 515 2414 huic
537 2350 576 2414 de
592 2348 692 2414 Arati
715 2348 858 2415 fontibus
882 2349 1063 2431 quaestioni
1086 2349 1189 2414 lucem
1211 2367 1308 2429 quan-

133 2463 206 2528 dam
242 2460 320 2526 mihi
356 2460 490 2527 videbar
525 2461 685 2526 allaturus
718 2481 797 2540 esse,
836 2461 864 2526 si
898 2462 939 2527 ad
972 2461 1214 2543 Theophrastea
1248 2460 1307 2525 illa

133 2578 285 2655 excerpta
308 2571 520 2637 examinanda
543 2572 733 2638 accederem.

240 2684 303 2752 Sed
330 2684 408 2749 haec
436 2684 475 2749 de
506 2683 611 2750 causis
643 2684 809 2765 praefatus
841 2683 956 2766 quibus
989 2684 1145 2749 adductus
1177 2683 1237 2749 sim
1265 2684 1307 2749 ad

132 2796 330 2878 propositum
357 2814 470 2874 meum,
503 2815 587 2861 nunc
618 2795 720 2877 ipsam
749 2816 815 2862 rem
842 2796 1024 2879 aggrediar.
1073 2794 1228 2879 Quaestio
1256 2800 1307 2859 est

132 2907 303 2989 bipartita;
341 2907 476 2988 primum
516 2906 600 2972 enim
636 2908 865 2973 enucleandum
904 2913 967 2986 est,
1005 2927 1068 2988 qua
1100 2908 1225 2973 ratione
1263 2906 1306 2971 sit

133 3019 333 3100 conscriptus
348 3032 423 3112 περὶ
440 3034 581 3109 σημείων
596 3019 735 3100 libellus,
753 3039 845 3102 quem
860 3019 946 3085 inter
957 3019 1172 3101 Theophrasti
1184 3017 1314 3099 scripta·

132 3132 298 3212 habemus;
328 3132 411 3197 unde
433 3130 612 3212 apparebit,
637 3136 743 3198 utrum
767 3137 936 3213 excerptus
960 3131 1003 3196 sit
1027 3150 1066 3195 ex
1089 3131 1209 3196 maiore
1232 3148 1306 3210 quo·

133 3242 207 3308 dam
230 3262 325 3324 opere
348 3262 456 3323 necne,
484 3249 592 3309 utrum
619 3245 661 3309 ad
688 3243 781 3309 finem
810 3262 901 3309 suum
929 3243 973 3308 sit
1000 3243 1172 3323 perductus
1196 3261 1238 3306 an
1261 3242 1306 3306 in-

236 3531 256 3594 1)
287 3530 331 3580 cui
364 3528 440 3581 laudi
473 3529 586 3582 obstant
612 3529 832 3598 quodammodo,
865 3545 935 3597 quae
963 3530 995 3581 E.
1024 3529 1115 3579 Maess
1151 3529 1305 3596 disputavit

134 3613 251 3667 Hermes
270 3615 343 3680 XVI,
364 3633 391 3684 p.
411 3617 470 3668 389.

234 3703 257 3765 ²)
276 3701 321 3753 Ad
339 3702 544 3755 Phaenomena.
571 3701 658 3754 102.
697 3703 790 3754 Petav.
812 3700 896 3754 Uran.
924 3719 951 3770 p.
979 3701 1028 3753 173
1046 3716 1070 3752 c.
1106 3700 1304 3772 ’Λναφίριται

135 3786 166 3842 de*
193 3793 234 3850 εἷς
260 3787 312 3843 τόν
337 3785 468 3850 Εὔδοξον
489 3789 514 3858 β’
538 3794 634 3858 βιβλία
657 3793 723 3861 περὶ
748 3795 806 3844 τών
830 3796 1030 3862 φαινομένων,
1063 3785 1206 3861 σύμφωνα
1232 3789 1304 3843 κατα

130 3873 223 3931 πάντα
251 3873 357 3949 σχεδον
384 3875 511 3940 αλλήλοις
536 3875 608 3942 πλήν
635 3873 742 3943 ὀλίγων
769 3873 886 3949 σφόδρα
903 3887 910 3900 “
930 3873 961 3929 rei
988 3877 1045 3948 μὲν
1073 3871 1125 3929 οὖν
1153 3878 1184 3930 ἓν
1208 3873 1304 3931 αὐτῶν

133 3960 327 4034 ἐπιγράφεται
346 3965 486 4036 ἔνοστρον
502 3977 508 3990 ·
522 3961 552 4018 το“
575 3965 606 4018 di
626 3964 728 4036 ἕτερον
748 3960 914 4035 φαινόμενα
927 3973 934 3987 ·
947 3960 1019 4035 νιρός
1037 3958 1071 4015 rei
1084 3962 1251 4036 φαινόμενα
1271 3964 1302 4017 δὲ

131 4046 182 4115 τήν
199 4057 317 4115 ποίησιν
336 4055 509 4122 συντέταχεν
528 4047 688 4122 (ἶίρατος).
1063 4122 1065 4125 ¹

237 4136 259 4198 ⁸)
278 4133 362 4186 liceat
379 4133 502 4202 exempli
522 4136 612 4203 gratia
630 4150 666 4186 ex
684 4135 776 4202 prima
793 4133 851 4188 vita
868 4133 936 4186 haec
960 4149 1115 4202 apponere:
1142 4133 1301 4200 (Westerm.

131 4236 158 4294 ι)ἶ
184 4219 228 4288 55)
258 4225 370 4290 ἔγραψε
396 4223 427 4276 ds*
457 4224 506 4275 καὶ
534 4219 602 4277 ἄλλα
627 4220 782 4293 ποιήματα,
811 4220 844 4276 οὗ
869 4219 964 4295 μόνον
990 4219 1024 4277 τα
1050 4220 1227 4296 φαινόμενα,
1253 4224 1303 4276 καὶ

129 4305 263 4381 ίατρικιῖς
290 4305 428 4381 δυνάμεις
456 4311 505 4362 καὶ
614 4347 621 4361 .
652 4311 701 4362 καὶ
731 4312 898 4382 διοσημείας
924 4311 974 4363 καὶ
1001 4307 1124 4364 docenda
1151 4311 1201 4363 καὶ
1232 4307 1303 4363 ratri

127 4393 231 4451 λεατδν
249 4393 325 4455 ἄλλα.
