<?xml version="1.0" encoding="UTF-8"?>
<!DOCTYPE html PUBLIC "-//W3C//DTD XHTML 1.0 Transitional//EN"
    "http://www.w3.org/TR/xhtml1/DTD/xhtml1-transitional.dtd">
<html xmlns="http://www.w3.org/1999/xhtml" xml:lang="en" lang="en">
 <head>
  <title>
</title>
<meta http-equiv="Content-Type" content="text/html;charset=utf-8" />
  <meta name='ocr-system' content='tesseract 3.04.00' />
  <meta name='ocr-capabilities' content='ocr_page ocr_carea ocr_par ocr_line ocrx_word'/>
</head>
<body>
  <div class='ocr_page' id='page_1' title='image "./detheophrasteis00boehgoog_0090.png"; bbox 0 0 2948 5160; ppageno 0'>
   <div class='ocr_carea' id='block_1_1' title="bbox 675 265 896 327">
    <p class='ocr_par' dir='ltr' id='par_1_1' title="bbox 675 265 896 327">
     <span class='ocr_line' id='line_1_1' title="bbox 675 265 896 327; baseline -0.005 -14"><span class='ocrx_word' id='word_1_1' title='bbox 675 265 896 327; x_wconf 61' lang='lat'>„82-</span> 
     </span>
    </p>
   </div>
   <div class='ocr_carea' id='block_1_2' title="bbox 197 457 1389 3661">
    <p class='ocr_par' dir='ltr' id='par_1_2' title="bbox 197 457 1386 2329">
     <span class='ocr_line' id='line_1_2' title="bbox 197 457 1378 542; baseline -0.001 -17"><span class='ocrx_word' id='word_1_2' title='bbox 197 466 309 538; x_wconf 92' lang='lat' dir='ltr'>torem,</span> <span class='ocrx_word' id='word_1_3' title='bbox 334 459 576 542; x_wconf 78' lang='lat' dir='ltr'>praesagientes</span> <span class='ocrx_word' id='word_1_4' title='bbox 592 457 672 524; x_wconf 91' lang='lat' dir='ltr'>scite</span> <span class='ocrx_word' id='word_1_5' title='bbox 688 459 922 540; x_wconf 78' lang='lat' dir='ltr'>prudenterque</span> <span class='ocrx_word' id='word_1_6' title='bbox 938 457 1083 524; x_wconf 88' lang='lat' dir='ltr'>omisisse</span> <span class='ocrx_word' id='word_1_7' title='bbox 1098 459 1248 526; x_wconf 77' lang='lat' dir='ltr'>videtur?</span> <span class='ocrx_word' id='word_1_8' title='bbox 1287 459 1378 525; x_wconf 90' lang='lat' dir='ltr'>Nam</span> 
     </span>
     <span class='ocr_line' id='line_1_3' title="bbox 200 570 1380 653; baseline -0.001 -17"><span class='ocrx_word' id='word_1_9' title='bbox 200 572 369 636; x_wconf 80' lang='lat' dir='ltr'>Eudoxum</span> <span class='ocrx_word' id='word_1_10' title='bbox 393 571 519 651; x_wconf 90' lang='lat' dir='ltr'>quidem</span> <span class='ocrx_word' id='word_1_11' title='bbox 542 570 659 636; x_wconf 88' lang='lat' dir='ltr'>scimus</span> <span class='ocrx_word' id='word_1_12' title='bbox 682 571 883 650; x_wconf 88' lang='lat' dir='ltr'>planetarum</span> <span class='ocrx_word' id='word_1_13' title='bbox 908 589 1021 635; x_wconf 92' lang='lat' dir='ltr'>cursus</span> <span class='ocrx_word' id='word_1_14' title='bbox 1044 590 1084 635; x_wconf 87' lang='lat' dir='ltr'>ex</span> <span class='ocrx_word' id='word_1_15' title='bbox 1105 571 1259 653; x_wconf 88' lang='lat' dir='ltr'>Aegypto</span> <span class='ocrx_word' id='word_1_16' title='bbox 1284 571 1380 635; x_wconf 84' lang='lat' dir='ltr'>redu·</span> 
     </span>
     <span class='ocr_line' id='line_1_4' title="bbox 200 679 1380 764; baseline -0.002 -16"><span class='ocrx_word' id='word_1_17' title='bbox 200 702 266 749; x_wconf 86' lang='lat' dir='ltr'>cem</span> <span class='ocrx_word' id='word_1_18' title='bbox 289 681 425 763; x_wconf 92' lang='lat' dir='ltr'>primum</span> <span class='ocrx_word' id='word_1_19' title='bbox 449 682 632 761; x_wconf 87' lang='lat' dir='ltr'>tradidisse,</span> <span class='ocrx_word' id='word_1_20' title='bbox 643 683 666 764; x_wconf 81' lang='lat'>¹)</span> <span class='ocrx_word' id='word_1_21' title='bbox 690 682 746 746; x_wconf 89' lang='lat' dir='ltr'>sed</span> <span class='ocrx_word' id='word_1_22' title='bbox 770 700 840 746; x_wconf 91' lang='lat' dir='ltr'>eum</span> <span class='ocrx_word' id='word_1_23' title='bbox 864 681 1003 762; x_wconf 89' lang='lat' dir='ltr'>planetis</span> <span class='ocrx_word' id='word_1_24' title='bbox 1026 701 1118 746; x_wconf 86' lang='lat' dir='ltr'>usum</span> <span class='ocrx_word' id='word_1_25' title='bbox 1142 699 1212 747; x_wconf 89' lang='lat' dir='ltr'>esse</span> <span class='ocrx_word' id='word_1_26' title='bbox 1235 679 1278 746; x_wconf 87' lang='lat' dir='ltr'>ad</span> <span class='ocrx_word' id='word_1_27' title='bbox 1299 681 1380 746; x_wconf 89' lang='lat' dir='ltr'>anni</span> 
     </span>
     <span class='ocr_line' id='line_1_5' title="bbox 198 772 1381 875; baseline -0.003 -16"><span class='ocrx_word' id='word_1_28' title='bbox 198 799 345 873; x_wconf 89' lang='lat' dir='ltr'>tempora</span> <span class='ocrx_word' id='word_1_29' title='bbox 360 792 572 875; x_wconf 88' lang='lat' dir='ltr'>praedicenda</span> <span class='ocrx_word' id='word_1_30' title='bbox 587 772 645 874; x_wconf 86' lang='lat' dir='ltr'>per</span> <span class='ocrx_word' id='word_1_31' title='bbox 658 792 788 858; x_wconf 84' lang='lat' dir='ltr'>Gemini</span> <span class='ocrx_word' id='word_1_32' title='bbox 802 793 903 858; x_wconf 84' lang='lat' dir='ltr'>verba</span> <span class='ocrx_word' id='word_1_33' title='bbox 918 811 1016 873; x_wconf 90' lang='lat' dir='ltr'>supra</span> <span class='ocrx_word' id='word_1_34' title='bbox 1031 791 1381 872; x_wconf 88' lang='lat' dir='ltr'>transcriptacredere</span> 
     </span>
     <span class='ocr_line' id='line_1_6' title="bbox 200 903 1380 985; baseline -0.002 -16"><span class='ocrx_word' id='word_1_35' title='bbox 200 924 262 969; x_wconf 92' lang='lat' dir='ltr'>non</span> <span class='ocrx_word' id='word_1_36' title='bbox 279 903 365 968; x_wconf 89' lang='lat' dir='ltr'>licet.</span> <span class='ocrx_word' id='word_1_37' title='bbox 402 905 504 969; x_wconf 92' lang='lat' dir='ltr'>Immo</span> <span class='ocrx_word' id='word_1_38' title='bbox 521 905 690 969; x_wconf 79' lang='lat' dir='ltr'><strong>Eudoxum</strong></span> <span class='ocrx_word' id='word_1_39' title='bbox 706 903 777 969; x_wconf 92' lang='lat' dir='ltr'>unis</span> <span class='ocrx_word' id='word_1_40' title='bbox 794 903 855 968; x_wconf 92' lang='lat' dir='ltr'>soli</span> <span class='ocrx_word' id='word_1_41' title='bbox 879 909 911 968; x_wconf 88' lang='lat' dir='ltr'>et</span> <span class='ocrx_word' id='word_1_42' title='bbox 927 904 1022 969; x_wconf 77' lang='lat' dir='ltr'>limae</span> <span class='ocrx_word' id='word_1_43' title='bbox 1038 905 1102 969; x_wconf 85' lang='lat' dir='ltr'>vim</span> <span class='ocrx_word' id='word_1_44' title='bbox 1118 908 1380 985; x_wconf 77' lang='lat' dir='ltr'>potestatemque</span> 
     </span>
     <span class='ocr_line' id='line_1_7' title="bbox 199 1014 1377 1096; baseline -0.001 -16"><span class='ocrx_word' id='word_1_45' title='bbox 199 1014 361 1094; x_wconf 85' lang='lat' dir='ltr'>tribuisse,</span> <span class='ocrx_word' id='word_1_46' title='bbox 386 1022 422 1080; x_wconf 90' lang='lat' dir='ltr'>ut</span> <span class='ocrx_word' id='word_1_47' title='bbox 443 1016 655 1081; x_wconf 82' lang='lat' dir='ltr'>Aristotelem</span> <span class='ocrx_word' id='word_1_48' title='bbox 680 1020 801 1096; x_wconf 87' lang='lat' dir='ltr'>postea,</span> <span class='ocrx_word' id='word_1_49' title='bbox 827 1034 866 1079; x_wconf 86' lang='lat' dir='ltr'>cx</span> <span class='ocrx_word' id='word_1_50' title='bbox 890 1014 991 1079; x_wconf 88' lang='lat' dir='ltr'>Plinii</span> <span class='ocrx_word' id='word_1_51' title='bbox 1013 1014 1197 1080; x_wconf 90' lang='lat' dir='ltr'>testimonio</span> <span class='ocrx_word' id='word_1_52' title='bbox 1222 1020 1377 1095; x_wconf 91' lang='lat' dir='ltr'>apparet:</span> 
     </span>
     <span class='ocr_line' id='line_1_8' title="bbox 201 1125 1382 1210; baseline 0 -19"><span class='ocrx_word' id='word_1_53' title='bbox 201 1126 295 1206; x_wconf 83' lang='lat' dir='ltr'>„hist</span> <span class='ocrx_word' id='word_1_54' title='bbox 332 1132 397 1191; x_wconf 91' lang='lat' dir='ltr'>nat.</span> <span class='ocrx_word' id='word_1_55' title='bbox 431 1127 470 1191; x_wconf 92' lang='grc' dir='ltr'>Π</span> <span class='ocrx_word' id='word_1_56' title='bbox 502 1133 522 1210; x_wconf 65' lang='grc' dir='ltr'>ξ</span> <span class='ocrx_word' id='word_1_57' title='bbox 558 1129 620 1192; x_wconf 80' lang='grc'>130</span> <span class='ocrx_word' id='word_1_58' title='bbox 652 1126 791 1191; x_wconf 87' lang='lat' dir='ltr'>omnium</span> <span class='ocrx_word' id='word_1_59' title='bbox 828 1126 953 1206; x_wconf 90' lang='lat' dir='ltr'>quidem</span> <span class='ocrx_word' id='word_1_60' title='bbox 990 1126 1030 1208; x_wconf 91' lang='lat' dir='ltr'>(si</span> <span class='ocrx_word' id='word_1_61' title='bbox 1066 1125 1167 1191; x_wconf 86' lang='lat' dir='ltr'>libeat</span> <span class='ocrx_word' id='word_1_62' title='bbox 1202 1125 1382 1191; x_wconf 87' lang='lat' dir='ltr'>observare</span> 
     </span>
     <span class='ocr_line' id='line_1_9' title="bbox 200 1235 1382 1321; baseline 0.001 -20"><span class='ocrx_word' id='word_1_63' title='bbox 200 1236 346 1302; x_wconf 91' lang='lat' dir='ltr'>minimos</span> <span class='ocrx_word' id='word_1_64' title='bbox 384 1237 535 1321; x_wconf 75' lang='lat' dir='ltr'>ambitus)</span> <span class='ocrx_word' id='word_1_65' title='bbox 577 1238 683 1302; x_wconf 90' lang='lat' dir='ltr'>redire</span> <span class='ocrx_word' id='word_1_66' title='bbox 721 1237 850 1302; x_wconf 90' lang='lat' dir='ltr'>easdam</span> <span class='ocrx_word' id='word_1_67' title='bbox 889 1237 975 1303; x_wconf 90' lang='lat' dir='ltr'>vices</span> <span class='ocrx_word' id='word_1_68' title='bbox 1013 1235 1220 1316; x_wconf 89' lang='lat' dir='ltr'>quadriennio</span> <span class='ocrx_word' id='word_1_69' title='bbox 1259 1243 1382 1302; x_wconf 88' lang='lat' dir='ltr'>exacto</span> 
     </span>
     <span class='ocr_line' id='line_1_10' title="bbox 200 1347 1384 1429; baseline -0.001 -16"><span class='ocrx_word' id='word_1_70' title='bbox 200 1349 355 1413; x_wconf 84' lang='lat' dir='ltr'>Eudoxus</span> <span class='ocrx_word' id='word_1_71' title='bbox 378 1354 482 1429; x_wconf 89' lang='lat' dir='ltr'>putat,</span> <span class='ocrx_word' id='word_1_72' title='bbox 507 1369 570 1414; x_wconf 92' lang='lat' dir='ltr'>non</span> <span class='ocrx_word' id='word_1_73' title='bbox 586 1355 754 1415; x_wconf 91' lang='lat' dir='ltr'>ventorum</span> <span class='ocrx_word' id='word_1_74' title='bbox 769 1348 871 1426; x_wconf 91' lang='lat' dir='ltr'>modo,</span> <span class='ocrx_word' id='word_1_75' title='bbox 896 1367 1007 1413; x_wconf 89' lang='lat' dir='ltr'>verum</span> <span class='ocrx_word' id='word_1_76' title='bbox 1023 1353 1056 1413; x_wconf 90' lang='lat' dir='ltr'>et</span> <span class='ocrx_word' id='word_1_77' title='bbox 1079 1347 1276 1428; x_wconf 90' lang='lat' dir='ltr'>reliquarum</span> <span class='ocrx_word' id='word_1_78' title='bbox 1301 1354 1384 1413; x_wconf 93' lang='lat' dir='ltr'>tem-</span> 
     </span>
     <span class='ocr_line' id='line_1_11' title="bbox 200 1458 1381 1541; baseline 0 -16"><span class='ocrx_word' id='word_1_79' title='bbox 200 1464 361 1540; x_wconf 91' lang='lat' dir='ltr'>pestatum</span> <span class='ocrx_word' id='word_1_80' title='bbox 384 1479 502 1541; x_wconf 89' lang='lat' dir='ltr'>magua</span> <span class='ocrx_word' id='word_1_81' title='bbox 530 1479 570 1525; x_wconf 89' lang='lat' dir='ltr'>ex</span> <span class='ocrx_word' id='word_1_82' title='bbox 597 1467 721 1540; x_wconf 85' lang='lat' dir='ltr'>parte.“</span> <span class='ocrx_word' id='word_1_83' title='bbox 768 1460 838 1524; x_wconf 88' lang='lat' dir='ltr'>Iam</span> <span class='ocrx_word' id='word_1_84' title='bbox 863 1478 939 1523; x_wconf 85' lang='lat' dir='ltr'>vero</span> <span class='ocrx_word' id='word_1_85' title='bbox 964 1459 1092 1523; x_wconf 84' lang='lat' dir='ltr'>Eudoxi</span> <span class='ocrx_word' id='word_1_86' title='bbox 1120 1458 1323 1539; x_wconf 75' lang='lat' dir='ltr'>simplicibus</span> <span class='ocrx_word' id='word_1_87' title='bbox 1351 1465 1381 1525; x_wconf 91' lang='lat' dir='ltr'>et</span> 
     </span>
     <span class='ocr_line' id='line_1_12' title="bbox 199 1570 1382 1652; baseline 0 -16"><span class='ocrx_word' id='word_1_88' title='bbox 199 1570 377 1652; x_wconf 80' lang='lat' dir='ltr'>perspicuis</span> <span class='ocrx_word' id='word_1_89' title='bbox 400 1571 580 1652; x_wconf 89' lang='lat' dir='ltr'>praeceptis</span> <span class='ocrx_word' id='word_1_90' title='bbox 603 1572 725 1636; x_wconf 84' lang='lat' dir='ltr'>factum</span> <span class='ocrx_word' id='word_1_91' title='bbox 749 1590 818 1635; x_wconf 91' lang='lat' dir='ltr'>esse</span> <span class='ocrx_word' id='word_1_92' title='bbox 834 1570 970 1648; x_wconf 82' lang='lat' dir='ltr'>videtur,</span> <span class='ocrx_word' id='word_1_93' title='bbox 996 1576 1032 1635; x_wconf 89' lang='lat' dir='ltr'>ut</span> <span class='ocrx_word' id='word_1_94' title='bbox 1048 1571 1174 1635; x_wconf 85' lang='lat' dir='ltr'>Aratus</span> <span class='ocrx_word' id='word_1_95' title='bbox 1190 1590 1253 1635; x_wconf 92' lang='lat' dir='ltr'>uon</span> <span class='ocrx_word' id='word_1_96' title='bbox 1270 1571 1382 1636; x_wconf 88' lang='lat' dir='ltr'>solum</span> 
     </span>
     <span class='ocr_line' id='line_1_13' title="bbox 200 1681 1384 1765; baseline 0.001 -18"><span class='ocrx_word' id='word_1_97' title='bbox 200 1683 412 1765; x_wconf 83' lang='lat' dir='ltr'>fulgetrorum</span> <span class='ocrx_word' id='word_1_98' title='bbox 447 1682 687 1763; x_wconf 85' lang='lat' dir='ltr'>tonitruumque</span> <span class='ocrx_word' id='word_1_99' title='bbox 720 1682 978 1763; x_wconf 89' lang='lat' dir='ltr'>superstitiosam</span> <span class='ocrx_word' id='word_1_100' title='bbox 1013 1681 1190 1746; x_wconf 88' lang='lat' dir='ltr'>doctrinam</span> <span class='ocrx_word' id='word_1_101' title='bbox 1225 1681 1384 1762; x_wconf 89' lang='lat' dir='ltr'>evitaret,</span> 
     </span>
     <span class='ocr_line' id='line_1_14' title="bbox 200 1792 1386 1887; baseline -0.003 -27"><span class='ocrx_word' id='word_1_102' title='bbox 200 1813 311 1860; x_wconf 89' lang='lat' dir='ltr'>verum</span> <span class='ocrx_word' id='word_1_103' title='bbox 324 1793 450 1861; x_wconf 88' lang='lat' dir='ltr'>omuino</span> <span class='ocrx_word' id='word_1_104' title='bbox 468 1813 590 1860; x_wconf 91' lang='lat' dir='ltr'>summa</span> <span class='ocrx_word' id='word_1_105' title='bbox 607 1814 677 1887; x_wconf 91' lang='lat' dir='ltr'>cum</span> <span class='ocrx_word' id='word_1_106' title='bbox 690 1794 865 1859; x_wconf 87' lang='lat' dir='ltr'>sobrietate</span> <span class='ocrx_word' id='word_1_107' title='bbox 876 1792 910 1857; x_wconf 89' lang='lat' dir='ltr'>in</span> <span class='ocrx_word' id='word_1_108' title='bbox 927 1795 1021 1857; x_wconf 87' lang='lat' dir='ltr'>rebus</span> <span class='ocrx_word' id='word_1_109' title='bbox 1034 1813 1170 1875; x_wconf 90' lang='lat' dir='ltr'>maguae</span> <span class='ocrx_word' id='word_1_110' title='bbox 1183 1793 1386 1859; x_wconf 82' lang='lat' dir='ltr'>obscuritati</span> 
     </span>
     <span class='ocr_line' id='line_1_15' title="bbox 201 1904 1383 1989; baseline -0.001 -20"><span class='ocrx_word' id='word_1_111' title='bbox 201 1904 347 1970; x_wconf 85' lang='lat' dir='ltr'>obnoxiis</span> <span class='ocrx_word' id='word_1_112' title='bbox 370 1912 564 1971; x_wconf 85' lang='lat' dir='ltr'>uersaretur.</span> <span class='ocrx_word' id='word_1_113' title='bbox 615 1905 706 1989; x_wconf 79' lang='lat' dir='ltr'>Quod</span> <span class='ocrx_word' id='word_1_114' title='bbox 731 1905 885 1986; x_wconf 89' lang='lat' dir='ltr'>quomodo</span> <span class='ocrx_word' id='word_1_115' title='bbox 909 1904 1083 1983; x_wconf 79' lang='lat' dir='ltr'>feceritis</span> <span class='ocrx_word' id='word_1_116' title='bbox 1112 1924 1205 1985; x_wconf 90' lang='lat' dir='ltr'>quem</span> <span class='ocrx_word' id='word_1_117' title='bbox 1228 1904 1383 1969; x_wconf 92' lang='lat' dir='ltr'>nonnulli</span> 
     </span>
     <span class='ocr_line' id='line_1_16' title="bbox 202 2014 1384 2097; baseline 0.001 -17"><span class='ocrx_word' id='word_1_118' title='bbox 202 2016 366 2081; x_wconf 83' lang='lat' dir='ltr'>affirmant</span> <span class='ocrx_word' id='word_1_119' title='bbox 388 2017 501 2082; x_wconf 88' lang='lat' dir='ltr'>talium</span> <span class='ocrx_word' id='word_1_120' title='bbox 526 2037 631 2082; x_wconf 91' lang='lat' dir='ltr'>rerum</span> <span class='ocrx_word' id='word_1_121' title='bbox 655 2021 787 2097; x_wconf 89' lang='lat' dir='ltr'>prorsus</span> <span class='ocrx_word' id='word_1_122' title='bbox 810 2015 992 2096; x_wconf 87' lang='lat' dir='ltr'>imperitum</span> <span class='ocrx_word' id='word_1_123' title='bbox 1016 2014 1125 2092; x_wconf 87' lang='lat' dir='ltr'>t&#39;uisse,</span> <span class='ocrx_word' id='word_1_124' title='bbox 1150 2016 1323 2096; x_wconf 85' lang='lat' dir='ltr'>example</span> <span class='ocrx_word' id='word_1_125' title='bbox 1349 2022 1384 2081; x_wconf 88' lang='lat' dir='ltr'>et</span> 
     </span>
     <span class='ocr_line' id='line_1_17' title="bbox 201 2126 1381 2219; baseline 0.003 -28"><span class='ocrx_word' id='word_1_126' title='bbox 201 2126 436 2193; x_wconf 86' lang='lat' dir='ltr'>diversissimas</span> <span class='ocrx_word' id='word_1_127' title='bbox 469 2148 530 2207; x_wconf 76' lang='lat' dir='ltr'>res</span> <span class='ocrx_word' id='word_1_128' title='bbox 569 2128 665 2194; x_wconf 91' lang='lat' dir='ltr'>utiles</span> <span class='ocrx_word' id='word_1_129' title='bbox 692 2127 875 2208; x_wconf 86' lang='lat' dir='ltr'>futilesque,</span> <span class='ocrx_word' id='word_1_130' title='bbox 909 2126 1087 2207; x_wconf 89' lang='lat' dir='ltr'>promiscue</span> <span class='ocrx_word' id='word_1_131' title='bbox 1115 2129 1261 2208; x_wconf 92' lang='lat' dir='ltr'>amplexo</span> <span class='ocrx_word' id='word_1_132' title='bbox 1304 2142 1381 2219; x_wconf 75' lang='grc' dir='ltr'><strong><em>περὶ</em></strong></span> 
     </span>
     <span class='ocr_line' id='line_1_18' title="bbox 203 2239 839 2329; baseline -0.002 -25"><span class='ocrx_word' id='word_1_133' title='bbox 203 2254 344 2329; x_wconf 66' lang='grc' dir='ltr'><em>σημείων</em></span> <span class='ocrx_word' id='word_1_134' title='bbox 368 2239 450 2304; x_wconf 92' lang='lat' dir='ltr'>libro</span> <span class='ocrx_word' id='word_1_135' title='bbox 475 2239 530 2306; x_wconf 82' lang='lat' dir='ltr'>uix</span> <span class='ocrx_word' id='word_1_136' title='bbox 553 2239 700 2322; x_wconf 85' lang='lat' dir='ltr'>intellegi</span> <span class='ocrx_word' id='word_1_137' title='bbox 724 2243 839 2319; x_wconf 90' lang='lat' dir='ltr'>potest.</span> 
     </span>
    </p>

    <p class='ocr_par' dir='ltr' id='par_1_3' title="bbox 202 2349 1389 3661">
     <span class='ocr_line' id='line_1_19' title="bbox 310 2349 1381 2434; baseline 0 -19"><span class='ocrx_word' id='word_1_138' title='bbox 310 2350 434 2434; x_wconf 71' lang='lat' dir='ltr'>Quibus</span> <span class='ocrx_word' id='word_1_139' title='bbox 458 2353 603 2417; x_wconf 92' lang='lat' dir='ltr'>omuibus</span> <span class='ocrx_word' id='word_1_140' title='bbox 626 2351 793 2431; x_wconf 89' lang='lat' dir='ltr'>perpensis</span> <span class='ocrx_word' id='word_1_141' title='bbox 808 2351 978 2416; x_wconf 82' lang='lat' dir='ltr'>Eudoxum</span> <span class='ocrx_word' id='word_1_142' title='bbox 995 2350 1090 2416; x_wconf 90' lang='lat' dir='ltr'>velim</span> <span class='ocrx_word' id='word_1_143' title='bbox 1110 2349 1246 2431; x_wconf 91' lang='lat' dir='ltr'>primum</span> <span class='ocrx_word' id='word_1_144' title='bbox 1263 2351 1381 2415; x_wconf 90' lang='lat' dir='ltr'>dehoc</span> 
     </span>
     <span class='ocr_line' id='line_1_20' title="bbox 202 2461 1384 2546; baseline 0 -19"><span class='ocrx_word' id='word_1_145' title='bbox 202 2462 479 2545; x_wconf 87' lang='lat' dir='ltr'>prognosticorum</span> <span class='ocrx_word' id='word_1_146' title='bbox 492 2482 609 2546; x_wconf 91' lang='lat' dir='ltr'>genere</span> <span class='ocrx_word' id='word_1_147' title='bbox 621 2462 877 2544; x_wconf 87' lang='lat' dir='ltr'>praescripsisse,</span> <span class='ocrx_word' id='word_1_148' title='bbox 891 2463 931 2527; x_wconf 91' lang='lat' dir='ltr'>ab</span> <span class='ocrx_word' id='word_1_149' title='bbox 944 2462 1079 2527; x_wconf 88' lang='lat' dir='ltr'>Eudoxo</span> <span class='ocrx_word' id='word_1_150' title='bbox 1093 2463 1233 2527; x_wconf 82' lang='lat' dir='ltr'>Aratum</span> <span class='ocrx_word' id='word_1_151' title='bbox 1244 2461 1384 2542; x_wconf 85' lang='lat' dir='ltr'>petiisse</span> 
     </span>
     <span class='ocr_line' id='line_1_21' title="bbox 202 2556 1385 2656; baseline -0.002 -16"><span class='ocrx_word' id='word_1_152' title='bbox 202 2594 283 2656; x_wconf 92' lang='lat' dir='ltr'>quae</span> <span class='ocrx_word' id='word_1_153' title='bbox 307 2556 487 2639; x_wconf 86' lang='lat' dir='ltr'>Diosemeis</span> <span class='ocrx_word' id='word_1_154' title='bbox 515 2575 705 2653; x_wconf 88' lang='lat' dir='ltr'>illustraret,</span> <span class='ocrx_word' id='word_1_155' title='bbox 735 2575 776 2639; x_wconf 92' lang='lat' dir='ltr'>ab</span> <span class='ocrx_word' id='word_1_156' title='bbox 800 2575 945 2651; x_wconf 88' lang='lat' dir='ltr'>Eudoxo,</span> <span class='ocrx_word' id='word_1_157' title='bbox 974 2574 1207 2652; x_wconf 82' lang='lat' dir='ltr'>Theophrasto,</span> <span class='ocrx_word' id='word_1_158' title='bbox 1237 2572 1385 2638; x_wconf 85' lang='lat' dir='ltr'>sortasse</span> 
     </span>
     <span class='ocr_line' id='line_1_22' title="bbox 202 2684 1386 2768; baseline 0.002 -19"><span class='ocrx_word' id='word_1_159' title='bbox 202 2685 277 2750; x_wconf 90' lang='lat' dir='ltr'>aliis</span> <span class='ocrx_word' id='word_1_160' title='bbox 289 2692 469 2750; x_wconf 90' lang='lat' dir='ltr'>mutuatum</span> <span class='ocrx_word' id='word_1_161' title='bbox 482 2705 552 2751; x_wconf 91' lang='lat' dir='ltr'>esse</span> <span class='ocrx_word' id='word_1_162' title='bbox 569 2685 775 2768; x_wconf 86' lang='lat' dir='ltr'>prognostica</span> <span class='ocrx_word' id='word_1_163' title='bbox 790 2704 983 2766; x_wconf 90' lang='lat' dir='ltr'>anonymum</span> <span class='ocrx_word' id='word_1_164' title='bbox 995 2685 1096 2763; x_wconf 90' lang='lat' dir='ltr'>illum,</span> <span class='ocrx_word' id='word_1_165' title='bbox 1114 2684 1168 2765; x_wconf 92' lang='lat' dir='ltr'>qui</span> <span class='ocrx_word' id='word_1_166' title='bbox 1180 2689 1283 2749; x_wconf 92' lang='lat' dir='ltr'>totam</span> <span class='ocrx_word' id='word_1_167' title='bbox 1296 2686 1386 2751; x_wconf 90' lang='lat' dir='ltr'>hanc</span> 
     </span>
     <span class='ocr_line' id='line_1_23' title="bbox 202 2796 1388 2880; baseline 0.001 -19"><span class='ocrx_word' id='word_1_168' title='bbox 202 2797 406 2878; x_wconf 88' lang='lat' dir='ltr'>praedicendi</span> <span class='ocrx_word' id='word_1_169' title='bbox 429 2803 531 2862; x_wconf 89' lang='lat' dir='ltr'>artem</span> <span class='ocrx_word' id='word_1_170' title='bbox 556 2797 637 2862; x_wconf 89' lang='lat' dir='ltr'>libro</span> <span class='ocrx_word' id='word_1_171' title='bbox 669 2798 728 2874; x_wconf 87' lang='lat' dir='ltr'>„de</span> <span class='ocrx_word' id='word_1_172' title='bbox 752 2796 873 2880; x_wconf 80' lang='lat' dir='ltr'>signis‘</span> <span class='ocrx_word' id='word_1_173' title='bbox 899 2797 1053 2876; x_wconf 89' lang='lat' dir='ltr'>inscripto</span> <span class='ocrx_word' id='word_1_174' title='bbox 1078 2796 1204 2876; x_wconf 91' lang='lat' dir='ltr'>copiose</span> <span class='ocrx_word' id='word_1_175' title='bbox 1229 2797 1388 2876; x_wconf 91' lang='lat' dir='ltr'>exposuit</span> 
     </span>
     <span class='ocr_line' id='line_1_24' title="bbox 202 2906 1385 2991; baseline 0.001 -19"><span class='ocrx_word' id='word_1_176' title='bbox 202 2910 379 2973; x_wconf 89' lang='lat' dir='ltr'>instructus</span> <span class='ocrx_word' id='word_1_177' title='bbox 396 2928 513 2991; x_wconf 87' lang='lat' dir='ltr'>magna</span> <span class='ocrx_word' id='word_1_178' title='bbox 529 2911 621 2990; x_wconf 91' lang='lat' dir='ltr'>copia</span> <span class='ocrx_word' id='word_1_179' title='bbox 636 2909 862 2974; x_wconf 90' lang='lat' dir='ltr'>Eudoxeorum</span> <span class='ocrx_word' id='word_1_180' title='bbox 882 2907 1169 2990; x_wconf 84' lang='lat' dir='ltr'>prognosticorum,</span> <span class='ocrx_word' id='word_1_181' title='bbox 1190 2906 1385 2988; x_wconf 86' lang='lat' dir='ltr'>plerumque</span> 
     </span>
     <span class='ocr_line' id='line_1_25' title="bbox 203 3018 1386 3102; baseline -0.003 -16"><span class='ocrx_word' id='word_1_182' title='bbox 203 3028 331 3086; x_wconf 89' lang='lat' dir='ltr'>secutus</span> <span class='ocrx_word' id='word_1_183' title='bbox 355 3020 611 3100; x_wconf 82' lang='lat' dir='ltr'>Theophrastum</span> <span class='ocrx_word' id='word_1_184' title='bbox 628 3021 667 3085; x_wconf 93' lang='lat' dir='ltr'>de</span> <span class='ocrx_word' id='word_1_185' title='bbox 683 3020 733 3085; x_wconf 91' lang='lat' dir='ltr'>his</span> <span class='ocrx_word' id='word_1_186' title='bbox 749 3022 844 3085; x_wconf 90' lang='lat' dir='ltr'>rebus</span> <span class='ocrx_word' id='word_1_187' title='bbox 861 3019 964 3102; x_wconf 85' lang='lat' dir='ltr'>magis</span> <span class='ocrx_word' id='word_1_188' title='bbox 985 3019 1133 3084; x_wconf 84' lang='lat' dir='ltr'>universe</span> <span class='ocrx_word' id='word_1_189' title='bbox 1149 3018 1386 3099; x_wconf 88' lang='lat' dir='ltr'>disputantem,</span> 
     </span>
     <span class='ocr_line' id='line_1_26' title="bbox 203 3129 1386 3214; baseline -0.004 -15"><span class='ocrx_word' id='word_1_190' title='bbox 203 3139 421 3213; x_wconf 86' lang='lat' dir='ltr'>excerptorem</span> <span class='ocrx_word' id='word_1_191' title='bbox 438 3132 582 3213; x_wconf 89' lang='lat' dir='ltr'>denique,</span> <span class='ocrx_word' id='word_1_192' title='bbox 600 3152 681 3213; x_wconf 92' lang='lat' dir='ltr'>quae</span> <span class='ocrx_word' id='word_1_193' title='bbox 697 3132 790 3214; x_wconf 87' lang='lat' dir='ltr'>signa</span> <span class='ocrx_word' id='word_1_194' title='bbox 805 3131 838 3195; x_wconf 90' lang='lat' dir='ltr'>iu</span> <span class='ocrx_word' id='word_1_195' title='bbox 854 3131 937 3197; x_wconf 92' lang='lat' dir='ltr'>libro</span> <span class='ocrx_word' id='word_1_196' title='bbox 954 3131 1047 3195; x_wconf 89' lang='lat' dir='ltr'>hodie</span> <span class='ocrx_word' id='word_1_197' title='bbox 1063 3130 1227 3212; x_wconf 90' lang='lat' dir='ltr'>deperdito</span> <span class='ocrx_word' id='word_1_198' title='bbox 1244 3129 1386 3210; x_wconf 91' lang='lat' dir='ltr'>invenit,</span> 
     </span>
     <span class='ocr_line' id='line_1_27' title="bbox 203 3241 1389 3326; baseline -0.001 -16"><span class='ocrx_word' id='word_1_199' title='bbox 203 3245 375 3310; x_wconf 89' lang='lat' dir='ltr'>secundum</span> <span class='ocrx_word' id='word_1_200' title='bbox 398 3245 545 3310; x_wconf 88' lang='lat' dir='ltr'>effectum</span> <span class='ocrx_word' id='word_1_201' title='bbox 568 3242 747 3326; x_wconf 89' lang='lat' dir='ltr'>generatim</span> <span class='ocrx_word' id='word_1_202' title='bbox 762 3243 810 3307; x_wconf 91' lang='lat' dir='ltr'>ita</span> <span class='ocrx_word' id='word_1_203' title='bbox 832 3242 1027 3323; x_wconf 88' lang='lat' dir='ltr'>disposuisse</span> <span class='ocrx_word' id='word_1_204' title='bbox 1044 3248 1088 3319; x_wconf 91' lang='lat' dir='ltr'>ut,</span> <span class='ocrx_word' id='word_1_205' title='bbox 1114 3261 1185 3307; x_wconf 90' lang='lat' dir='ltr'>cum</span> <span class='ocrx_word' id='word_1_206' title='bbox 1200 3241 1389 3324; x_wconf 91' lang='lat' dir='ltr'>ambigeret</span> 
     </span>
     <span class='ocr_line' id='line_1_28' title="bbox 203 3351 1386 3438; baseline -0.002 -17"><span class='ocrx_word' id='word_1_207' title='bbox 203 3376 264 3437; x_wconf 91' lang='lat' dir='ltr'>quo</span> <span class='ocrx_word' id='word_1_208' title='bbox 288 3357 358 3421; x_wconf 91' lang='lat' dir='ltr'>loco</span> <span class='ocrx_word' id='word_1_209' title='bbox 382 3355 590 3438; x_wconf 87' lang='lat' dir='ltr'>prognostica</span> <span class='ocrx_word' id='word_1_210' title='bbox 613 3354 835 3420; x_wconf 81' lang='lat' dir='ltr'>anniversaria</span> <span class='ocrx_word' id='word_1_211' title='bbox 862 3359 1004 3434; x_wconf 89' lang='lat' dir='ltr'>poneret,</span> <span class='ocrx_word' id='word_1_212' title='bbox 1032 3359 1136 3419; x_wconf 90' lang='lat' dir='ltr'>totum</span> <span class='ocrx_word' id='word_1_213' title='bbox 1162 3353 1226 3432; x_wconf 67' lang='lat' dir='ltr'>„de</span> <span class='ocrx_word' id='word_1_214' title='bbox 1254 3351 1386 3435; x_wconf 79' lang='lat' dir='ltr'>siguis‘</span> 
     </span>
     <span class='ocr_line' id='line_1_29' title="bbox 204 3464 1389 3549; baseline 0 -17"><span class='ocrx_word' id='word_1_215' title='bbox 204 3468 320 3533; x_wconf 87' lang='lat' dir='ltr'>librum</span> <span class='ocrx_word' id='word_1_216' title='bbox 344 3467 394 3532; x_wconf 90' lang='lat' dir='ltr'>bis</span> <span class='ocrx_word' id='word_1_217' title='bbox 418 3471 629 3547; x_wconf 84' lang='lat' dir='ltr'>percenseret,</span> <span class='ocrx_word' id='word_1_218' title='bbox 655 3487 674 3532; x_wconf 92' lang='lat' dir='ltr'>a</span> <span class='ocrx_word' id='word_1_219' title='bbox 697 3466 878 3547; x_wconf 90' lang='lat' dir='ltr'>pluviarum</span> <span class='ocrx_word' id='word_1_220' title='bbox 896 3465 997 3549; x_wconf 86' lang='lat' dir='ltr'>signis</span> <span class='ocrx_word' id='word_1_221' title='bbox 1014 3484 1147 3530; x_wconf 91' lang='lat' dir='ltr'>exorsus</span> <span class='ocrx_word' id='word_1_222' title='bbox 1163 3464 1389 3544; x_wconf 79' lang='lat' dir='ltr'>Theophrasti</span> 
     </span>
     <span class='ocr_line' id='line_1_30' title="bbox 204 3578 970 3661; baseline -0.004 -17"><span class='ocrx_word' id='word_1_223' title='bbox 204 3581 358 3661; x_wconf 88' lang='lat' dir='ltr'>exemplo,</span> <span class='ocrx_word' id='word_1_224' title='bbox 384 3579 467 3660; x_wconf 94' lang='lat' dir='ltr'>quod</span> <span class='ocrx_word' id='word_1_225' title='bbox 491 3580 624 3643; x_wconf 88' lang='lat' dir='ltr'>extabat</span> <span class='ocrx_word' id='word_1_226' title='bbox 647 3578 680 3642; x_wconf 92' lang='lat' dir='ltr'>in</span> <span class='ocrx_word' id='word_1_227' title='bbox 704 3578 854 3659; x_wconf 88' lang='lat' dir='ltr'>anonymi</span> <span class='ocrx_word' id='word_1_228' title='bbox 878 3578 970 3643; x_wconf 91' lang='lat' dir='ltr'>libro.</span> 
     </span>
    </p>
   </div>
   <div class='ocr_carea' id='block_1_3' title="bbox 205 3867 1390 4438">
    <p class='ocr_par' dir='ltr' id='par_1_4' title="bbox 205 3867 1390 4438">
     <span class='ocr_line' id='line_1_31' title="bbox 308 3867 1387 3936; baseline 0.001 -15"><span class='ocrx_word' id='word_1_229' title='bbox 308 3872 329 3933; x_wconf 76' lang='lat'>³)</span> <span class='ocrx_word' id='word_1_230' title='bbox 349 3870 463 3935; x_wconf 84' lang='lat' dir='ltr'>Seneca,</span> <span class='ocrx_word' id='word_1_231' title='bbox 483 3877 591 3936; x_wconf 88' lang='lat' dir='ltr'>quaest.</span> <span class='ocrx_word' id='word_1_232' title='bbox 612 3874 668 3923; x_wconf 88' lang='lat' dir='ltr'>nat.</span> <span class='ocrx_word' id='word_1_233' title='bbox 682 3869 743 3933; x_wconf 87' lang='lat' dir='ltr'>Vll,</span> <span class='ocrx_word' id='word_1_234' title='bbox 762 3871 787 3935; x_wconf 85' lang='lat'>3,</span> <span class='ocrx_word' id='word_1_235' title='bbox 801 3870 817 3921; x_wconf 80' lang='lat'><strong>2</strong></span> <span class='ocrx_word' id='word_1_236' title='bbox 832 3869 1011 3921; x_wconf 88' lang='lat' dir='ltr'>Democritus</span> <span class='ocrx_word' id='word_1_237' title='bbox 1031 3884 1155 3935; x_wconf 87' lang='lat' dir='ltr'>quoque,</span> <span class='ocrx_word' id='word_1_238' title='bbox 1175 3867 1387 3922; x_wconf 89' lang='lat' dir='ltr'>subtilissimus</span> 
     </span>
     <span class='ocr_line' id='line_1_32' title="bbox 205 3953 1390 4024; baseline 0 -16"><span class='ocrx_word' id='word_1_239' title='bbox 205 3958 384 4024; x_wconf 88' lang='lat' dir='ltr'>antiquorum</span> <span class='ocrx_word' id='word_1_240' title='bbox 405 3954 539 4023; x_wconf 85' lang='lat' dir='ltr'>omnium,</span> <span class='ocrx_word' id='word_1_241' title='bbox 566 3956 705 4024; x_wconf 86' lang='lat' dir='ltr'>suspicari</span> <span class='ocrx_word' id='word_1_242' title='bbox 731 3972 760 4007; x_wconf 86' lang='lat' dir='ltr'>se</span> <span class='ocrx_word' id='word_1_243' title='bbox 787 3958 825 4008; x_wconf 88' lang='lat' dir='ltr'>ait</span> <span class='ocrx_word' id='word_1_244' title='bbox 850 3955 944 4022; x_wconf 88' lang='lat' dir='ltr'>plures</span> <span class='ocrx_word' id='word_1_245' title='bbox 964 3970 1026 4006; x_wconf 85' lang='lat' dir='ltr'>esse</span> <span class='ocrx_word' id='word_1_246' title='bbox 1045 3953 1150 4019; x_wconf 85' lang='lat' dir='ltr'>stellas,</span> <span class='ocrx_word' id='word_1_247' title='bbox 1177 3969 1248 4020; x_wconf 88' lang='lat' dir='ltr'>quae</span> <span class='ocrx_word' id='word_1_248' title='bbox 1268 3961 1390 4008; x_wconf 86' lang='lat' dir='ltr'>currant</span> 
     </span>
     <span class='ocr_line' id='line_1_33' title="bbox 205 4039 1387 4109; baseline -0.003 -14"><span class='ocrx_word' id='word_1_249' title='bbox 205 4045 363 4106; x_wconf 82' lang='lat' dir='ltr'>(cometas),</span> <span class='ocrx_word' id='word_1_250' title='bbox 388 4041 437 4093; x_wconf 86' lang='lat' dir='ltr'>sed</span> <span class='ocrx_word' id='word_1_251' title='bbox 462 4058 511 4092; x_wconf 85' lang='lat' dir='ltr'>nec</span> <span class='ocrx_word' id='word_1_252' title='bbox 533 4057 677 4093; x_wconf 89' lang='lat' dir='ltr'>numerum</span> <span class='ocrx_word' id='word_1_253' title='bbox 696 4041 808 4093; x_wconf 89' lang='lat' dir='ltr'>illarum</span> <span class='ocrx_word' id='word_1_254' title='bbox 828 4043 924 4109; x_wconf 88' lang='lat' dir='ltr'>posuit</span> <span class='ocrx_word' id='word_1_255' title='bbox 942 4057 993 4092; x_wconf 90' lang='lat' dir='ltr'>nec</span> <span class='ocrx_word' id='word_1_256' title='bbox 1011 4039 1136 4105; x_wconf 86' lang='lat' dir='ltr'>nomina,</span> <span class='ocrx_word' id='word_1_257' title='bbox 1161 4039 1286 4092; x_wconf 91' lang='lat' dir='ltr'>nondum</span> <span class='ocrx_word' id='word_1_258' title='bbox 1307 4053 1387 4091; x_wconf 87' lang='lat' dir='ltr'>com·</span> 
     </span>
     <span class='ocr_line' id='line_1_34' title="bbox 205 4125 1385 4197; baseline -0.001 -18"><span class='ocrx_word' id='word_1_259' title='bbox 205 4126 354 4197; x_wconf 88' lang='lat' dir='ltr'>prehensis</span> <span class='ocrx_word' id='word_1_260' title='bbox 374 4127 497 4195; x_wconf 84' lang='lat' dir='ltr'>quinque</span> <span class='ocrx_word' id='word_1_261' title='bbox 517 4127 641 4180; x_wconf 84' lang='lat' dir='ltr'>siderum</span> <span class='ocrx_word' id='word_1_262' title='bbox 663 4127 861 4193; x_wconf 83' lang='lat' dir='ltr'>(planetarum)</span> <span class='ocrx_word' id='word_1_263' title='bbox 881 4128 1022 4178; x_wconf 85' lang='lat' dir='ltr'>cursibus.</span> <span class='ocrx_word' id='word_1_264' title='bbox 1060 4125 1197 4177; x_wconf 87' lang='lat' dir='ltr'>Eudoxus</span> <span class='ocrx_word' id='word_1_265' title='bbox 1217 4126 1325 4190; x_wconf 87' lang='lat' dir='ltr'>primus</span> <span class='ocrx_word' id='word_1_266' title='bbox 1345 4127 1385 4179; x_wconf 83' lang='lat' dir='ltr'>ab</span> 
     </span>
     <span class='ocr_line' id='line_1_35' title="bbox 206 4197 1387 4281; baseline -0.001 -17"><span class='ocrx_word' id='word_1_267' title='bbox 206 4215 337 4281; x_wconf 82' lang='lat' dir='ltr'>Aegypto</span> <span class='ocrx_word' id='word_1_268' title='bbox 357 4213 409 4266; x_wconf 89' lang='lat' dir='ltr'>hos</span> <span class='ocrx_word' id='word_1_269' title='bbox 428 4219 520 4266; x_wconf 89' lang='lat' dir='ltr'>motus</span> <span class='ocrx_word' id='word_1_270' title='bbox 538 4215 567 4264; x_wconf 93' lang='lat' dir='ltr'>in</span> <span class='ocrx_word' id='word_1_271' title='bbox 586 4212 729 4265; x_wconf 85' lang='lat' dir='ltr'>Graeciam</span> <span class='ocrx_word' id='word_1_272' title='bbox 751 4212 902 4266; x_wconf 85' lang='lat' dir='ltr'>transtulit.</span> <span class='ocrx_word' id='word_1_273' title='bbox 918 4219 1000 4279; x_wconf 90' lang='lat' dir='ltr'>atque</span> <span class='ocrx_word' id='word_1_274' title='bbox 1014 4212 1049 4264; x_wconf 85' lang='lat' dir='ltr'>ci.</span> <span class='ocrx_word' id='word_1_275' title='bbox 1065 4211 1221 4279; x_wconf 86' lang='lat' dir='ltr'>ldctaphys.</span> <span class='ocrx_word' id='word_1_276' title='bbox 1242 4227 1269 4278; x_wconf 92' lang='lat' dir='ltr'>p.</span> <span class='ocrx_word' id='word_1_277' title='bbox 1292 4197 1387 4263; x_wconf 58' lang='lat' dir='ltr'>luas*</span> 
     </span>
     <span class='ocr_line' id='line_1_36' title="bbox 206 4297 1385 4366; baseline -0.001 -16"><span class='ocrx_word' id='word_1_278' title='bbox 206 4299 239 4351; x_wconf 91' lang='lat' dir='ltr'>de</span> <span class='ocrx_word' id='word_1_279' title='bbox 272 4308 404 4366; x_wconf 86' lang='lat' dir='ltr'>quattuor</span> <span class='ocrx_word' id='word_1_280' title='bbox 434 4299 571 4365; x_wconf 88' lang='lat' dir='ltr'>sphaeris,</span> <span class='ocrx_word' id='word_1_281' title='bbox 606 4299 775 4366; x_wconf 89' lang='lat' dir='ltr'>quibuscum</span> <span class='ocrx_word' id='word_1_282' title='bbox 805 4299 942 4351; x_wconf 83' lang='lat' dir='ltr'>Eudoxus</span> <span class='ocrx_word' id='word_1_283' title='bbox 973 4297 1098 4364; x_wconf 86' lang='lat' dir='ltr'>singulas</span> <span class='ocrx_word' id='word_1_284' title='bbox 1129 4297 1224 4349; x_wconf 85' lang='lat' dir='ltr'>stellas</span> <span class='ocrx_word' id='word_1_285' title='bbox 1255 4303 1385 4349; x_wconf 86' lang='lat' dir='ltr'>errantes</span> 
     </span>
     <span class='ocr_line' id='line_1_37' title="bbox 206 4384 360 4438; baseline 0.013 -2"><span class='ocrx_word' id='word_1_286' title='bbox 206 4384 360 4438; x_wconf 87' lang='lat' dir='ltr'>coniunxit.</span> 
     </span>
    </p>
   </div>
   <div class='ocr_carea' id='block_1_4' title="bbox 0 0 1489 5160">
    <p class='ocr_par' dir='ltr' id='par_1_5' title="bbox 0 0 1489 5160">
     <span class='ocr_line' id='line_1_38' title="bbox 0 0 1489 5160; baseline 0 0"><span class='ocrx_word' id='word_1_287' title='bbox 0 0 1489 5160; x_wconf 95' lang='lat' dir='ltr'> </span> 
     </span>
    </p>
   </div>
  </div>
 </body>
</html>
