2948 5160
662 265 883 332 ..36-

188 460 408 528 dissertationi
435 464 601 528 consulere
627 461 705 526 mihi
732 460 852 542 videor,
882 463 910 528 si
937 463 1092 528 nonnulla
1119 461 1360 542 transscribam,

188 591 228 638 ex
265 558 380 654 quibus
416 573 637 656 intellegatur,
675 573 751 654 quid
786 573 839 641 vir
870 593 991 639 summo
1021 573 1149 657 ingenio
1182 594 1362 657 magnaque

188 685 324 751 scientia
346 685 512 766 praeditus
536 685 575 750 de
597 685 749 752 universa
772 685 936 768 signorum
953 685 1099 750 doctrina
1119 685 1362 767 philosophatus

187 795 239 860 sit.
277 797 375 875 „Nat
393 801 516 878 quaest.
527 796 572 861 -Π
587 798 679 877 32‚4
705 797 777 864 Non
801 817 821 862 a
844 798 902 862 deo
926 815 1049 878 pennae
1072 796 1180 863 avium
1203 803 1362 880 reguntur

186 926 245 972 neo
268 909 423 988 pecudum
446 909 573 975 viscera
595 910 654 974 sub
678 907 749 990 ipsa
777 909 882 974 securi
909 909 1103 974 formantur:
1138 909 1204 974 alia
1235 908 1361 974 ratione

187 1018 327 1084 fatorum
351 1020 450 1086 series
473 1019 655 1100 explicatur
676 1019 796 1085 indicia
819 1020 921 1085 futuri
944 1019 1061 1101 ubique
1077 1021 1297 1101 praemittens,
1322 1040 1362 1084 ex

187 1130 302 1211 quibus
325 1132 480 1212 quaedam
504 1131 595 1197 nobis
619 1130 802 1211 familiaria,
828 1132 983 1212 quaedam
1005 1131 1120 1214 ignota
1143 1139 1226 1198 sunt.
1268 1131 1363 1214 Quia

187 1243 262 1323 quid
289 1244 415 1309 ratione
441 1242 488 1323 fit,
522 1242 658 1308 alieuius
686 1243 733 1308 rei
760 1242 890 1309 futurae
920 1243 1048 1326 signum
1071 1249 1135 1309 est:
1170 1243 1307 1309 fortuita
1330 1250 1363 1309 et

187 1354 255 1420 sine
278 1355 404 1421 ratione
425 1374 512 1437 vaga
535 1354 763 1421 divinationem
786 1375 849 1420 non
873 1334 1040 1437 recipiunt.
1089 1355 1189 1421 Cuius
1213 1355 1260 1420 rei
1284 1355 1361 1420 ordo

142 1499 144 1504 ν
187 1472 247 1546 est,
271 1466 368 1532 etiam
391 1466 568 1548 praedictio
592 1471 666 1532 est.
685 1520 691 1531 .
712 1521 717 1532 .
736 1467 860 1532 nullum
875 1468 996 1533 animal
1012 1472 1071 1546 est,
1095 1467 1179 1548 quod
1195 1487 1258 1532 non
1273 1473 1359 1532 motu

187 1583 220 1642 et
243 1597 376 1644 occursu
400 1598 457 1645 suo
481 1578 647 1660 praedicat
673 1578 859 1659 aliquidnon
891 1578 997 1643 omnia
1024 1578 1156 1657 seilicet,
1191 1579 1246 1644 sed
1269 1597 1362 1658 quae·

187 1689 259 1754 dam
282 1695 437 1755 notantur
454 1743 460 1755 .
480 1743 485 1754 .
506 1690 614 1771 .quid,
639 1696 676 1756 tu
699 1696 749 1756 tot
771 1690 830 1756 illa
853 1690 943 1755 milia
963 1688 1101 1757 siderum
1118 1690 1240 1756 iudicas
1256 1688 1362 1755 otiosa

187 1801 336 1868 lnoere‘l“
392 1802 534 1871 Videsne
567 1821 662 1883 quam
698 1801 820 1869 invitus
857 1801 982 1868 ratione
1018 1810 1052 1868 et
1083 1802 1194 1867 ordine
1228 1801 1361 1867 iactatis

186 1913 238 1980 vir
253 1913 434 1981 Stoicorum
457 1921 564 1981 sectae
587 1914 769 1996 adscriptus
791 1914 825 1978 in
848 1913 966 1979 anilem
989 1914 1079 1980 illam
1099 1914 1361 1996 superstitionem

186 2024 317 2106 ineidat,
333 2027 417 2092 unde
428 2027 498 2092 iure
509 2025 632 2092 animos
648 2030 775 2092 nostros
788 2032 919 2091 revocat
932 2025 1044 2091 Oieero
1062 2027 1111 2110 (de
1123 2025 1222 2092 divin.
1237 2026 1275 2091 Π
1287 2045 1311 2091 e.
1328 2028 1361 2109 b)

186 2157 250 2204 non
273 2137 449 2205 divinantis
476 2139 533 2204 sed
560 2137 785 2222 gubernatoris
812 2137 909 2218 periti
936 2155 1007 2202 esse
1033 2136 1200 2203 affirmans
1225 2142 1360 2217 „ventos

186 2255 244 2315 aut
267 2249 384 2315 imbres
406 2250 626 2332 impendentes
653 2248 842 2331 quibusdam
870 2248 1069 2330 praesentire
1096 2248 1199 2332 signis
1226 2248 1360 2313 -etsi

186 2362 265 2427 haec
287 2360 359 2442 ipsa
382 2361 518 2427 fortuita
541 2367 630 2442 sunt;
655 2354 949 2443 plerumque‘enim,
974 2380 1037 2426 non
1060 2379 1186 2442 semper
1208 2359 1360 2427 eveniunt

185 2514 230 2522 -
261 2491 343 2554 quae
375 2472 457 2539 enim
485 2473 679 2554 praesentiri
706 2479 764 2538 aut
791 2478 862 2538 arte
893 2477 950 2538 aut
977 2472 1103 2538 ratione
1130 2479 1187 2538 aut
1214 2492 1274 2539 usu
1301 2478 1359 2538 aut

185 2584 369 2651 coniectura
383 2591 529 2666 possunt,
546 2604 585 2651 ea
597 2604 659 2650 non
672 2584 790 2651 divinis
806 2583 977 2649 tribuenda
987 2590 1093 2666 putas,
1111 2585 1166 2650 sed
1178 2583 1323 2666 peritis.“
1338 2589 1359 2668 ¹)

292 2695 420 2762 Plinius
456 2695 489 2761 in
529 2695 690 2762 naturalis
727 2695 884 2761 historiae
921 2695 1004 2761 libro
1042 2697 1171 2764 XVIH
1209 2714 1359 2778 magnam

185 2807 351 2874 materiem
373 2807 554 2890 quaestioni
576 2813 707 2873 nostrae
730 2806 870 2888 reliquit.
916 2807 963 2872 Ut
986 2808 1069 2872 enim
1092 2807 1125 2873 in
1148 2807 1250 2889 primo
1275 2807 1358 2872 libro

185 2919 368 2986 summatim
394 2918 559 2998 indicavit,
594 2923 822 2984 enumerantur
849 2918 1064 3002 Prognostica
1088 2921 1228 3004 (78-90);
1261 2923 1359 2998 atque

185 3032 311 3112 quidem
335 3032 403 3116 (78)
426 3050 447 3096 a
474 3031 550 3109 sole,
583 3033 649 3115 (79)
677 3049 697 3095 a
725 3031 811 3110 luna,
841 3031 909 3115 (80)
938 3030 1052 3105 stellis,
1082 3031 1149 3115 (81)
1173 3029 1356 3108 tonitribus,

185 3144 253 3228 (82)
269 3142 417 3223 nubibus,
442 3144 510 3227 (83)
526 3141 661 3222 nebulis,
687 3143 755 3227 (84)
771 3141 900 3224 ignibus
923 3141 1142 3221 terrestribus,
1167 3143 1235 3226 (85)
1255 3141 1354 3223 aquis,

185 3255 253 3339 (86)
269 3255 309 3319 ab
333 3253 412 3335 ipsis
435 3254 692 3336 tempestatibus,
716 3256 780 3338 (87,
799 3255 853 3337 88)
877 3254 918 3319 ab
942 3253 1134 3319 animalibus
1150 3252 1354 3335 aquatilibus,

185 3384 204 3430 a
227 3365 422 3445 volucribus,
447 3368 515 3450 (88)
539 3385 559 3430 a
581 3365 852 3446 quadrupedibus;
882 3384 944 3445 quo
971 3365 1005 3431 in
1032 3365 1205 3431 summario
1229 3364 1359 3430 dubium

184 3483 234 3543 est
262 3477 337 3558 quid
368 3477 432 3543 sibi
458 3477 561 3543 velint
587 3477 688 3543 verba
720 3478 782 3556 „ab
809 3475 888 3558 ipsis
911 3477 1194 3558 tempestatibus“;
1228 3496 1359 3543 comme·

184 3595 352 3655 morantur
383 3593 491 3654 autem
525 3587 631 3670 capite
664 3590 705 3653 88
737 3588 891 3654 montium
924 3589 1058 3666 sonitus
1092 3588 1174 3655 caeli
1205 3606 1358 3667 murmur,

71 3704 74 3711 '
185 3701 264 3767 folia
280 3701 349 3767 sine
365 3719 445 3766 aura
461 3700 615 3778 ludentia,
640 3701 760 3783 lanugo
776 3699 887 3782 populi
903 3699 1045 3767 volitans
1061 3700 1215 3782 aquisque
1230 3700 1360 3781 plumae

288 3974 313 4036 2)
340 3970 419 4021 Unde
446 3971 475 4020 in
503 3969 600 4021 eodem
630 3968 701 4021 libro
730 3972 764 4032 (0.
796 3968 839 4033 70)
867 3966 966 4021 Cicero
994 3968 1124 4038 loligines
1153 3975 1181 4020 et
1208 3967 1358 4035 delphinos

186 4058 357 4124 prompserit
373 4072 431 4108 nou
450 4055 541 4108 habeo
561 4055 662 4107 dicere.
699 4055 780 4107 Certe
799 4054 832 4106 de
852 4054 912 4106 eius
932 4057 1044 4108 Arateis
1064 4056 1189 4123 cogitare
1207 4070 1263 4107 non
1282 4052 1357 4117 lieet,

184 4144 211 4194 in
231 4142 334 4209 quibus
360 4143 393 4194 de
416 4149 515 4194 neutro
539 4141 691 4209 quidquam
717 4148 768 4194 est.
807 4141 877 4193 Sunt
901 4140 987 4193 verba
1012 4141 1095 4194 haee:
1125 4139 1358 4207 „Gubernatores

184 4245 246 4280 eum
274 4228 447 4281 exsultantes
479 4227 609 4295 loligines
635 4227 757 4279 viderint
781 4232 828 4280 urit
856 4226 1005 4295 delphinos
1029 4243 1059 4280 se
1086 4229 1114 4279 in
1142 4233 1253 4294 portum
1282 4225 1357 4277 eoni-

185 4316 300 4380 eientes,
325 4320 517 4384 tempestatem
542 4312 694 4382 significari
718 4320 825 4379 putant.
867 4312 942 4364 Haec
969 4313 1077 4367 ratione
1105 4311 1242 4383 explicari
1270 4316 1297 4363 et
1323 4309 1358 4361 ad

184 4406 313 4453 naturam
333 4399 459 4455 revocari
478 4400 560 4452 facile
578 4402 733 4469 possunt.“
