2948 5160
590 578 814 641 -43-

220 775 339 841 Restat
375 779 413 840 ut
445 774 567 840 scholia
600 773 843 840 Diosemearum
877 774 975 840 Arati
1010 773 1218 855 excutiamus,
1256 774 1290 840 in

114 887 230 970 quibus
262 885 408 968 inprimis
441 891 647 967 expectamus
680 909 744 956 non
776 905 896 971 paucas
927 904 986 951 nos
1018 886 1176 967 deperditi
1205 885 1290 966 libri,

113 999 231 1081 quippe
254 1017 315 1079 qno
332 999 458 1063 Aratus
481 1017 558 1064 usus
583 1000 635 1080 sit,
661 1001 814 1082 reliquias
838 1018 908 1066 csse
930 1003 1125 1080 reperturos.
1166 997 1228 1065 Sed
1251 1017 1292 1064 ne

113 1111 192 1193 quid
213 1109 247 1175 in
269 1109 337 1176 illis
356 1128 557 1191 quaeramus
581 1113 708 1192 quoda
731 1118 802 1178 tota
826 1130 934 1178 eorum
958 1109 1084 1174 ratione
1107 1109 1291 1189 abhorreat,

113 1223 148 1288 in
171 1222 354 1289 universam
381 1221 507 1288 iuvabit
535 1229 705 1308 monuisse,
734 1245 795 1309 quo
824 1222 957 1290 consilio
985 1221 1044 1286 illa
1071 1220 1194 1287 scholia
1221 1239 1292 1287 con-

114 1335 237 1416 scripta
253 1334 329 1398 sint.
358 1331 452 1417 Quod
467 1355 538 1402 cum
555 1338 673 1420 optime
688 1340 881 1421 explanetur
896 1333 1034 1415 epistola
1046 1331 1290 1412 nuncupatoria,

114 1465 197 1530 quae
219 1445 315 1511 finem
338 1446 418 1512 facit
441 1449 643 1530 scholiorum,
673 1471 737 1516 non
765 1470 784 1516 a
807 1468 842 1514 re
865 1448 934 1514 fore
956 1450 1044 1528 puto,
1074 1444 1103 1509 si
1125 1462 1229 1525 pauca
1252 1462 1292 1509 cx

114 1558 174 1623 illa
196 1557 437 1624 transscribam.
462 1562 554 1650 ἡμεῖς
576 1568 613 1632 δὲ
629 1568 798 1656 ἕγκαίρους
815 1565 876 1642 τοὶς
892 1561 1058 1649 ἐξηγήσεις
1074 1559 1293 1647 ποιησάμενοι

114 1674 336 1758 κατελίπομεν
359 1674 396 1739 uri
421 1678 575 1762 περιττὸν
597 1682 654 1765 τῆς
675 1679 888 1765 σοντακακῆς
904 1672 1063 1750 ἐκδόσεως
1081 1689 1087 1701 ·
1105 1675 1230 1758 εἴρηται
1255 1672 1293 1736 δὲ

115 1785 231 1853 πάντα
248 1785 290 1852 τοὶ
309 1782 481 1868 οἷναγκαῑα
498 1799 555 1854 καὶ
572 1792 791 1858 συντελοῦντα
809 1788 891 1875 πρός
907 1787 945 1852 cd
963 1790 1065 1869 σαφὲς
1079 1780 1292 1872 οἷπεριίργως,

117 1908 174 1964 καὶ
190 1896 234 1975 οἷς
250 1893 297 1965 civ
313 1895 412 1985 α’νὸρῐ
429 1898 487 1964 dcci
505 1903 572 1969 τῶν
586 1902 804 1989 μαθημάτων
820 1899 1049 1984 φιλοσοφοῦντι
1059 1894 1293 1982 ἐξηγήσασθαι

118 2020 247 2097 πρέπον
272 2013 315 2097 ῆν
341 2010 383 2075 τοὶ
413 2009 585 2098 ποιήματα
608 2066 614 2079 .
635 2068 640 2079 .
660 2067 666 2078 .
688 2026 724 2078 τί
747 2013 811 2102 γαρ
839 2008 976 2100 ἤπειγεν
1004 2004 1145 2095 ἄκαιρον
1174 2007 1293 2072 ἐνδείκ-

122 2127 250 2188 νυσθαι
273 2121 519 2207 πολυμάθειαν.
559 2122 633 2188 Hoc
656 2121 758 2204 igitur
781 2120 843 2187 sibi
865 2117 1033 2202 proposuit
1048 2114 1233 2194 scholiasta,
1257 2120 1294 2180 ut

124 2245 324 2309 quaecunque
346 2249 367 2295 a
389 2237 486 2312 poeta
505 2239 612 2299 essent
633 2237 888 2310 commemorata,
913 2250 951 2297 ea
968 2233 1150 2310 exponeret,
1176 2244 1293 2293 cavens

126 2357 166 2405 11
187 2338 380 2408 intellectum
404 2343 562 2410 similibus
585 2350 618 2409 et
641 2345 733 2411 novis
757 2343 920 2428 congestis
943 2344 1103 2408 obrueret.
1139 2337 1201 2405 Cui
1223 2357 1294 2403 con-

124 2449 195 2517 silio
226 2452 344 2535 optimc
376 2456 556 2537 respondet,
591 2457 675 2538 quod
708 2457 835 2540 signum
867 2473 984 2523 novum
1013 2453 1080 2517 t'ere
1108 2451 1232 2516 nullum
1259 2449 1293 2514 in

120 2562 248 2630 scholiis
272 2565 404 2632 occurit.
452 2567 487 2635 si
514 2566 618 2652 igitur
644 2567 771 2635 omnino
795 2567 971 2635 scholiasta
998 2564 1107 2630 eodem
1134 2562 1202 2642 illo,
1231 2580 1292 2642 quo

117 2681 223 2756 poeta,
247 2675 330 2742 libro
355 2684 404 2744 est
427 2698 513 2760 usus,
538 2680 572 2745 in
594 2680 635 2746 iis
651 2685 778 2746 tantum
793 2679 940 2761 partibus
961 2675 1135 2744 communis
1159 2671 1294 2757 originis

116 2786 259 2870 vestigia
281 2788 475 2871 deprehendi
497 2800 641 2872 possunt,
665 2792 699 2856 in
722 2791 837 2872 quihus
853 2810 873 2855 a
888 2789 996 2855 ieiuna
1014 2786 1293 2871 prognosticorum

116 2900 357 2967 enumeratione
380 2903 421 2968 ad
444 2903 623 2968 uberiorem
639 2903 917 2969 ratiocinationem
933 2905 1093 2983 evagatur
1112 2902 1291 2979 excerptor.

119 3008 212 3095 Quae
236 3031 307 3078 cum
329 3013 378 3079 ita
400 3014 476 3095 sint,
500 3015 653 3096 perpauci
675 3015 738 3082 loci
761 3015 803 3080 ad
826 3013 1045 3095 quaestionem
1067 3015 1211 3077 nostram
1226 3028 1296 3091 per·

118 3121 252 3188 tinent·
281 3124 345 3191 Sed
367 3145 438 3192 cum
461 3127 601 3208 plurima
623 3146 705 3208 quae
727 3127 761 3192 in
784 3125 945 3206 excerptis
968 3125 1002 3190 in
1025 3123 1211 3190 universum
1233 3120 1295 3186 dis

117 3241 276 3315 putantur
298 3237 396 3303 etiam
418 3238 453 3303 in
470 3238 661 3305 Aristotelis
677 3237 941 3321 Meteorologicis
964 3243 998 3303 et
1021 3236 1055 3301 in
1077 3232 1294 3315 Theophrasti

119 3346 302 3430 fragmento
327 3350 532 3429 ,1111111111ιι
557 3357 678 3430 extent,
702 3353 754 3417 vel
777 3352 890 3416 horum
912 3351 1054 3415 locorum
1078 3352 1144 3412 tres
1167 3349 1294 3410 tautum

121 3457 290 3526 eiusmodi
309 3468 394 3542 sunt,
418 3469 464 3543 ut,
488 3462 575 3529 inter
597 3462 719 3528 scholia
742 3463 770 3527 si
792 3462 960 3540 iterentur,
985 3480 1024 3525 cx
1048 3457 1213 3542 deperdito
1236 3455 1294 3520 illo

121 3571 204 3638 libro
227 3591 282 3638 eos
304 3574 436 3641 fluxisse
458 3594 588 3642 necesse
610 3574 654 3640 sit
677 3579 830 3654 statuere,
855 3573 924 3639 dico
949 3573 1016 3657 gd,
1041 3570 1095 3636 ubi
1119 3567 1296 3635 astronomi

120 3684 266 3750 illustres
292 3686 475 3766 laudantur,
507 3694 526 3771 ξ
556 3690 608 3751 du
637 3686 849 3752 dichotomiae
876 3684 1054 3751 doctrinam
1083 3680 1294 3759 continentes

121 3802 219 3878 atque
230 3797 480 3879 disputationem
492 3800 531 3865 de
542 3799 720 3864 tonitruum
732 3798 1008 3881 fulgetrorumque
1020 3793 1122 3877 signis
1132 3800 1164 3878 (ξ
1173 3793 1294 3875 32-33).

121 3908 214 3975 Nihil
229 3929 306 3977 vero
330 3930 439 3977 earum
456 3931 561 3977 rerum
584 3910 792 3976 scholiastam
811 3908 986 3975 inseruisse
1002 3907 1063 3973 sibi
1078 3904 1295 3990 persuadebit,

122 4020 301 4103 quicunque
324 4023 446 4089 scholia
468 4023 616 4091 versibus
634 4023 763 4101 733-39,
789 4022 919 4100 sod-10,
945 4020 1074 4097 12426,
1100 4018 1218 4082 933-37
1244 4016 1297 4081 ad-

122 4134 245 4216 scripta
271 4135 529 4216 perlustraverit.
577 4135 657 4201 (lum
684 4134 787 4218 igitur
814 4131 985 4198 manifesta
1013 4129 1153 4212 vestigia
1180 4128 1295 4207 desint,

123 4247 237 4328 quibus
261 4245 467 4313 scholiastam
491 4247 716 4314 convincamus
736 4247 777 4312 ad
796 4245 898 4327 ipsius
922 4242 1021 4309 Arati
1040 4242 1161 4307 fontem
1177 4241 1298 4308 redisse

123 4378 256 4441 cumque
279 4359 393 4441 quavis
416 4359 536 4443 pagina
550 4360 710 4425 discamus
725 4358 942 4436 scholiastam,
966 4355 1071 4423 virum
1091 4354 1296 4437 physicarum

122 4491 230 4537 rernm
253 4460 390 4554 peritum
414 4477 511 4552 atque
533 4471 566 4537 in
589 4472 878 4554 Pythagoreorum,
904 4467 1105 4545 Aristotelis,
1130 4464 1295 4531 Posidonii

122 4583 271 4650 doctrina
302 4590 466 4651 versatum
498 4605 537 4649 ex
569 4602 687 4667 inagna
719 4582 886 4647 literarum
919 4582 1067 4646 ubertate
1099 4598 1137 4643 ea
1169 4582 1295 4643 tanturn

122 4695 293 4775 delibasse,
322 4714 404 4777 quae
431 4695 487 4761 uni
512 4697 747 4777 paraphraseos
774 4692 906 4761 consilio
934 4690 1138 4769 inservirent,
1165 4707 1295 4773 operam
