2948 5160
77 39 1059 250 ψ

1079 239 1468 259 ——-———

621 590 843 655 -63-

146 793 390 880 (διαστήματα)
415 787 526 853 statim
550 792 624 867 post
648 786 799 850 Orionem
823 783 931 867 posuit
952 784 1087 850 Canem:
1112 804 1142 850 u.
1160 785 1225 848 492
1250 785 1321 852 οἰνιό

145 904 291 995 οἷρίοινος
319 910 364 981 εἰς
392 903 476 970 κύνα
505 901 636 988 ήμεροιι.
687 900 739 962 Ex
771 917 835 977 qua
867 905 1027 962 astrorum
1059 896 1220 961 mentione
1252 915 1322 960 cum

145 1014 289 1079 fortasse
312 1012 499 1076 concludere
522 1009 690 1089 possimus,
720 1029 739 1073 a
767 1011 883 1089 quibus
906 1027 957 1072 res
981 1008 1069 1088 ipsas
1092 1014 1256 1072 mutuatus
1281 1006 1324 1070 sit

146 1124 401 1204 Theophrastus,
431 1122 514 1187 hunc
537 1120 641 1201 ipsum
665 1121 927 1200 deprehendimus
952 1121 1223 1200 insequentibus,
1248 1125 1268 1201 ξ
1292 1119 1322 1182 3.

148 1236 254 1320 Quam
277 1236 358 1299 bene
381 1233 463 1297 enim
488 1232 648 1297 sententia
672 1232 722 1296 hic
746 1231 893 1312 exposita
916 1251 986 1295 cum
1015 1237 1085 1296 tota
1108 1228 1323 1310 Theophrasti

146 1347 322 1428 scriptione
355 1345 533 1422 concordet,
567 1344 738 1426 intelleget
770 1342 958 1423 quicumque
988 1343 1233 1424 comparaverit,
1267 1343 1324 1408 hos

145 1460 250 1524 locos:
284 1458 323 1522 de
351 1457 457 1523 ventis
485 1463 504 1539 ξ
528 1457 572 1519 44
599 1460 642 1524 cd
673 1460 708 1523 δὲ
733 1465 815 1523 καθ’
851 1459 1007 1535 ἑκοίστοος
1040 1459 1075 1523 ἐν.
1107 1461 1164 1543 τῆς
1200 1466 1323 1537 θέσεως

147 1575 200 1640 δεῖ
214 1583 270 1639 καὶ
287 1575 354 1639 τοῖν
375 1569 488 1639 ἄλλων
504 1574 570 1637 τῶν
587 1571 840 1654 οἰηιβαινόντοιν
862 1568 1074 1636 οἶνασκοπεῑν.
1093 1573 1112 1648 ξ
1128 1568 1148 1628 ἶ)
1165 1568 1204 1636 ov'
1219 1573 1321 1661 μικροὶ

147 1685 179 1749 δ’
196 1685 352 1751 ἐνταῦθα
371 1682 461 1748 α’λλοὶ
486 1693 618 1767 μεγίστη
640 1681 723 1769 ῥοπή
746 1681 781 1744 τό
804 1681 865 1756 acic
885 1681 994 1766 χώρας
1011 1677 1099 1770 ὕψος
1116 1680 1213 1765 ἔχειν,
1238 1678 1323 1749 ὅπου

147 1793 195 1862 dv
217 1797 391 1891 προσκόηιη
416 1796 457 1859 τοὶ
484 1805 562 1881 νεῖιηη
587 1803 643 1858 καὶ
667 1793 756 1887 λα’βη
782 1792 908 1869 στάσιν,
938 1794 1093 1858 ἐνταῦθα
1122 1803 1179 1857 καὶ
1202 1790 1324 1872 ’ὓδατος

147 1917 279 1990 γένεσις.
306 1909 325 1985 ξ
343 1905 383 1966 215
402 1903 485 1972 ὅταν
501 1908 564 1992 γοὶρ
582 1903 756 1998 αἰλροιςέλῇ
772 1912 828 1967 καῖ
845 1904 977 1989 πλῆθος
994 1904 1092 2000 λάβη,
1116 1906 1323 1989 μεταβάλλει

147 2019 256 2084 πάλιν
279 2023 324 2094 εἰς
342 2019 377 2082 cd
396 2019 556 2083 ἐναντίον.
582 2017 728 2100 μάλιστα
747 2015 775 2078 δ’
793 2015 829 2080 ἐν
845 2030 910 2091 τοῖς
926 2017 1045 2092 κοίλοις
1060 2020 1169 2081 ταῦτα
1186 2029 1322 2098 γίνεται.

149 2131 171 2208 ξ
193 2127 232 2190 27
257 2141 382 2210 γίνεται
408 2130 443 2192 dr
468 2139 525 2193 καὶ
550 2125 737 2202 οἶνιὶκλοισίς
758 2152 805 2202 τις
822 2129 889 2192 τῶν
905 2124 1040 2210 οἶνέμοιν
1056 2122 1131 2192 ὥστ’
1151 2125 1325 2196 οἶντιπνεῐν

154 2237 271 2316 αὐτοῖς,
295 2237 378 2306 ὅταν
401 2239 616 2332 ὑψηλοτέροις
640 2238 754 2314 τόποις
778 2238 1061 2324 προςπνεύσαντες
1085 2237 1253 2327 ὑπερᾶραι
1276 2241 1322 2328 μή

157 2348 324 2416 δύνωνται.
360 2349 472 2428 Neque
491 2348 595 2411 minus
611 2345 833 2425 Theophrasto
855 2346 1048 2411 conveniunt
1068 2354 1323 2413 astronomorum

156 2457 278 2523 nomina
304 2461 369 2542 ξε
402 2464 598 2524 enumerata.
645 2458 719 2521 Duo
753 2455 836 2520 enim
865 2457 928 2522 viri
960 2458 1135 2523 laudantur
1166 2478 1326 2540 nusquam

153 2567 233 2635 alias
244 2573 489 2651 commemorati,
503 2574 587 2637 alter
600 2572 820 2648 Atheniensis,
834 2571 918 2634 alter
928 2570 1185 2651 Methymnaeus.
1209 2572 1325 2637 Nonne

150 2681 220 2747 veri
252 2681 449 2747 simillimum
484 2691 543 2762 est,
581 2685 710 2749 illorum
742 2682 926 2748 memoriam
958 2701 1016 2745 nos
1049 2680 1078 2745 ei
1111 2682 1234 2760 debere,
1271 2683 1326 2763 qui

147 2792 249 2858 Lesbi
271 2800 368 2859 uatus
391 2796 576 2876 plerumque
597 2796 736 2861 Athenis
757 2800 969 2859 commoratus
995 2800 1053 2871 est,
1080 2793 1325 2874 Theophrasto?

148 2903 247 2970 Ocrtc
267 2905 398 2970 offensio
422 2909 577 2987 quaedam
600 2908 694 2986 inest,
719 2907 803 2987 quod
825 2905 864 2969 de
888 2905 1031 2969 obscuris
1054 2905 1122 2969 illis
1144 2905 1325 2972 hominibus

147 3017 315 3097 praedicat
331 3018 478 3099 scriptor,
495 3026 712 3084 astronomum
729 3018 867 3083 omnium
883 3015 1138 3081 illustrissimum
1154 3019 1324 3083 Eudoxum

152 3128 278 3193 omittit.

255 3241 326 3305 lam
342 3242 424 3306 mira
440 3248 515 3306 sunt
531 3262 612 3322 quae
630 3242 729 3307 tradit
746 3243 928 3321 Excerptor
947 3247 967 3324 ξ
984 3244 1004 3304 ε’)
1021 3242 1059 3304 de
1077 3241 1172 3304 lunae
1188 3239 1322 3306 defectu.

148 3352 259 3432 Atque
282 3353 407 3433 quidem
432 3353 537 3433 priore
561 3354 630 3419 loco
655 3358 723 3440 (διο
750 3367 805 3422 καὶ
831 3362 866 3421 at
892 3355 1022 3421 σύνοδοι
1046 3358 1113 3421 σοῖν
1129 3357 1245 3443 μηνοῖν
1264 3383 1325 3439 χοι-

147 3477 258 3554 μέριοί
278 3473 360 3535 εἰσιν
384 3465 435 3533 ὅτι
460 3467 638 3534 οἷπολείπει
662 3470 698 3534 cd
724 3472 792 3552 φῶς
816 3471 872 3553 τῆς
897 3467 1047 3552 σελήνης)
1072 3465 1110 3527 de
1134 3474 1211 3527 luha
1233 3468 1325 3529 m0d0

149 3583 313 3641 crescente
339 3577 430 3641 modo
459 3584 644 3642 senescente
668 3582 718 3641 est
746 3594 859 3654 sermo,
888 3593 971 3654 quae
998 3574 1156 3640 novilunii
1183 3582 1325 3655 tempore

147 3684 182 3749 in
214 3687 291 3752 solis
318 3688 466 3754 viciniam
496 3694 652 3753 commeat
677 3696 774 3769 atque
801 3705 933 3768 prorsus
960 3687 1050 3751 nulla
1083 3704 1153 3751 esse
1185 3687 1322 3753 videtur.

147 3798 251 3862 Recte
263 3800 345 3863 enim
358 3801 655 3867 animadverterunt
667 3806 794 3866 veteres
807 3799 1019 3880 procellosum
1032 3817 1102 3863 esse
1114 3798 1323 3877 novilunium,

148 3910 205 3974 sed
227 3919 314 3976 recte
337 3912 492 3992 suspicati
513 3913 621 3976 lunam
645 3931 715 3977 esse
734 3912 768 3976 in
791 3930 889 3976 causa
904 3929 969 3974 rem
986 3910 1089 3990 ipsam
1105 3929 1168 3974 non
1185 3911 1325 3975 assecuti

149 4030 234 4100 sunt,
260 4023 362 4088 lucem
385 4027 602 4089 tabescentem
625 4025 811 4105 plerumque
832 4029 1011 4089 causantes.
1050 4021 1141 4104 Quae
1164 4022 1326 4086 sententia

149 4133 246 4197 etiam
264 4135 297 4198 in
309 4136 482 4216 Excerptis
499 4144 600 4201 extat.
626 4137 690 4203 Sed
705 4136 830 4218 magnis
846 4136 879 4200 in
896 4134 1144 4200 difficultatibus
1159 4134 1326 4197 haeremus

151 4243 399 4326 interpretaturi
422 4250 521 4314 Verba
544 4248 678 4340 >darre
702 4245 761 4318 οὖν
784 4250 877 4336 ήλίον
902 4250 1072 4339 οἶπόλειηις
1092 4261 1218 4330 γίνεται
1239 4250 1326 4314 κοντοὶ

146 4359 207 4426 τόν
232 4357 347 4446 ὅμοιον
370 4363 494 4450 τρόπον
521 4375 578 4430 καὶ
605 4368 662 4452 τῆς
691 4364 827 4449 σελήνης
851 4363 1000 4453 ε’·’κλειηιις
1026 4376 1100 4442 cunr
1124 4358 1218 4447 ήλιόν
1242 4359 1326 4425 οἶπό-

146 4472 258 4562 λειηιις
284 4470 360 4549 quid
385 4471 447 4535 sibi
471 4473 555 4538 velit
578 4491 641 4536 non
658 4471 756 4537 tacile
773 4470 996 4551 intellegatur,
1023 4471 1159 4559 σελήνης
1176 4471 1325 4562 ἔκλειψις

147 4580 354 4647 offensionem
383 4584 505 4648 habeat
535 4583 586 4648 his
617 4581 885 4664 praecedentibus
914 4582 1091 4649 οἷπολείπει
1114 4585 1151 4649 τό
1177 4587 1244 4667 σοῖς
1267 4587 1325 4669 τῆς

145 4695 283 4782 σελήνης
318 4695 387 4763 α’πό
422 4699 577 4787 τετροέὁος
610 4707 788 4783 φθίνοντος
821 4707 916 4785 μέχρι
948 4696 1103 4784 τετράδος
1139 4701 1323 4779 ἱσταμένοιο.
