2948 5160
626 598 846 662 ...59-

147 800 245 874 atque
270 793 373 859 aetati
395 794 611 874 respondeant
634 813 676 859 an
699 794 803 877 magis
826 794 868 859 ad
894 793 992 859 alium
1024 795 1223 860 revocandae
1252 814 1324 860 esse

146 905 330 971 videantur.

256 1017 366 1096 Atque
378 1015 488 1081 statim
502 1015 640 1099 ingenue
652 1016 805 1097 profiteor
817 1036 886 1082 esse
899 1017 1024 1097 quidem
1037 1037 1101 1083 non
1112 1037 1225 1098 pauca,
1242 1037 1324 1098 quae

147 1127 230 1193 satis
263 1127 427 1207 antiquam
461 1127 739 1208 Theophrastique
775 1133 884 1194 aetate
912 1129 1007 1194 etiam
1040 1129 1250 1196 vetustiorem
1286 1135 1323 1195 ut

147 1244 330 1304 statuamus
366 1238 523 1320 originem
564 1240 730 1318 suadeant,
774 1241 829 1305 sed
865 1241 1020 1306 nonnulla
1054 1240 1203 1318 inveniri,
1243 1259 1324 1321 quae

148 1350 337 1431 posterioris
374 1350 498 1415 demum
531 1351 604 1416 aevi
640 1350 812 1416 intricatae
845 1351 1122 1433 prognosticorum
1159 1352 1325 1418 doctrinae

148 1461 309 1542 imputare
341 1462 485 1527 audeam.
541 1462 758 1527 llxordiamur
785 1482 805 1527 a
831 1464 935 1544 prima
967 1465 1117 1543 sectione,
1152 1470 1188 1529 ut
1220 1468 1323 1529 totum

149 1572 343 1653 prooemium
377 1573 525 1654 deinceps
557 1580 781 1654 percensentes
816 1575 926 1655 paucis
962 1575 1056 1639 lineis
1090 1576 1324 1654 adumbremuS,

147 1704 245 1765 quam
274 1685 489 1749 astronomiae
517 1684 631 1750 faciem
659 1692 772 1751 auctor
799 1686 903 1750 animo
932 1684 1164 1752 informaverit.
1211 1688 1323 1766 Neque
1421 1740 1425 1749 .

147 1797 317 1877 quisquam
354 1795 514 1876 scriptori,
557 1797 672 1876 quibus
708 1797 831 1862 duobus
867 1796 968 1861 modis
1002 1799 1149 1888 σῖνατολή
1176 1803 1209 1862 et
1233 1801 1325 1878 δύσις

149 1907 299 1989 intellegi
312 1906 445 1987 possint,
463 1907 639 1987 explicanti
651 1909 768 1988 probro
781 1908 881 1987 dabit,
899 1909 982 1988 quod
998 1928 1061 1972 non
1074 1908 1230 1974 disiunxit
1241 1908 1327 1973 inter
1416 1986 1418 1991 Ι

149 2038 262 2086 verum
279 2025 311 2083 et
334 2026 542 2099 apparentem
566 2019 634 2084 sive
658 2039 805 2085 occasum
829 2019 898 2086 sive
921 2025 1039 2098 ortum;
1066 2040 1140 2084 nam
1163 2039 1234 2085 cum
1257 2019 1325 2084 eius

151 2132 252 2196 verba
273 2135 315 2199 τοὶ
341 2141 404 2217 μὲν
428 2127 488 2200 οὖν
513 2136 569 2199 ἐστὶ
595 2151 660 2211 τοῖς
683 2132 815 2224 ἄστροις
832 2136 1000 2219 δαιομένοις
1013 2145 1070 2200 καὶ
1087 2134 1327 2202 οἷνατέλλοοσιν

158 2248 299 2322 spectent
328 2243 368 2306 ad
400 2248 641 2324 parapegmata,
680 2262 761 2323 quae
793 2242 1020 2323 phaenomenis
1053 2243 1216 2308 oculorum
1246 2241 1347 2307 aciei.

160 2352 304 2418 subimus
337 2353 550 2432 continentur,
598 2374 617 2418 a
654 2354 877 2419 subtilioribus
914 2375 990 2421 vero
1028 2354 1237 2420 divisionibus
1274 2356 1327 2419 ab·

159 2464 293 2544 horrent,
326 2465 527 2531 constantiae
551 2471 622 2530 erat
646 2465 743 2530 etiam
767 2465 799 2530 in
823 2467 1029 2546 sequentibus
1045 2467 1129 2531 tales
1145 2466 1327 2532 reconditas

156 2574 351 2642 definitiones
383 2577 563 2661 neglegere.
620 2577 724 2642 Aliud
759 2584 818 2656 est,
860 2579 944 2658 quod
978 2580 1111 2645 verbum
1149 2578 1285 2666 ἐσιτολὴ
1296 2578 1321 2661 1)

152 2687 246 2768 quasi
269 2690 414 2754 consulto
431 2689 577 2754 evitavit.
614 2689 859 2769 Explanaturus
883 2689 965 2754 enim
990 2695 1094 2754 ortum
1118 2707 1327 2768 occasumque

151 2804 313 2866 astrorum
342 2807 375 2866 et
402 2802 594 2866 matutinum
623 2809 655 2864 ct
683 2801 901 2881 vespertinum
929 2800 1134 2866 distinctione
1158 2801 1326 2865 verborum

150 2912 299 3002 α’νατολή
334 2918 367 2976 et
401 2917 535 3002 ἐπιτολῇ
569 2913 718 2994 neglecta
750 2911 865 2976 mirum
897 2911 930 2976 in
963 2913 1088 2977 modum
1121 2914 1162 2977 ab
1195 2929 1326 2976 occasus

151 3021 337 3087 definitione
360 3042 492 3089 exorsus
517 3043 582 3088 rem
606 3024 709 3105 ipsam
733 3024 871 3089 scienter
894 3024 1035 3104 exponit.
1072 3025 1165 3088 Unde
1189 3021 1326 3103 suspicio

154 3141 300 3200 movetur
315 3135 465 3215 scriptori
480 3154 589 3201 vocem
606 3141 642 3200 ut
658 3135 705 3200 ita
721 3136 823 3201 dicam
839 3135 1018 3201 technicam
1034 3140 1167 3224 ἐπιτολῇ
1189 3135 1327 3199 nondum

151 3252 262 3311 notam
294 3245 402 3311 fuisse.
459 3246 732 3331 Antiquissima‘2)
765 3247 848 3312 euim
876 3247 1061 3312 testimonia
1089 3266 1165 3313 usus
1193 3247 1328 3311 voeabu-

256 3517 276 3579 ¹)
295 3515 370 3583 quod
389 3516 556 3568 vocabulum
576 3514 643 3583 quid
661 3514 799 3583 significet
818 3514 922 3584 optime
936 3515 1058 3582 explicat
1070 3515 1213 3569 Geminus.
1243 3515 1317 3584 lsag.

150 3603 181 3652 in
195 3601 347 3654 Phaenom.
368 3602 411 3653 ed.
426 3602 520 3653 Petav.
536 3619 563 3670 p.
576 3602 623 3653 4511
640 3605 671 3658 έν
684 3605 716 3675 τῇ
735 3599 845 3675 κόσμου
857 3609 1041 3677 περιστροφῇ
1051 3601 1155 3664 πάντες
1168 3609 1197 3658 οἱ
1209 3602 1328 3673 ᾰστέρτς

152 3687 220 3744 καθ’
239 3686 366 3756 ἑκάστην
384 3687 495 3762 ἡμέραν
514 3693 563 3743 καὶ
583 3690 768 3744 τίνατέλλοοσι
788 3692 837 3743 καὶ
858 3687 998 3744 δύνουσιν
1012 3701 1018 3714 ·
1033 3699 1083 3743 καί
1105 3692 1184 3744 έστιν
1205 3687 1327 3753 ficaroli

150 3778 208 3847 μέν
233 3774 248 3842 ἡ
271 3775 339 3830 καθ’
362 3774 485 3843 ἑκάστην
510 3773 620 3849 ἡμέραν
645 3784 786 3848 γινομένη
809 3774 880 3846 πρὸς
899 3774 950 3829 τόν
970 3774 1103 3850 ὁρίζοντα
1124 3776 1211 3848 φάσις
1226 3791 1232 3803 ·
1248 3773 1329 3837 δόσις

153 3865 185 3916 δὲ
205 3859 221 3928 ἡ
245 3861 313 3916 καθ’
332 3861 454 3929 ἑκάστην
472 3861 584 3936 ἡμέραν
602 3871 739 3935 γινομένη
763 3861 817 3918 tuo*
843 3861 894 3916 τόν
917 3860 1054 3935 ὁρίζοντα
1072 3860 1327 3934 κρύψις“έτιιτολὴ

155 3951 186 4003 δέ
205 3946 221 4014 ἡ
238 3957 381 4020 γινομένη
399 3947 470 4024 προς
489 3948 540 4004 τόν
560 3947 694 4024 ὁρίζοντα
719 3950 807 4018 φάσις
824 3946 896 4021 μετα
921 3954 966 4013 τῆς
989 3947 1061 4021 πρός
1084 3946 1136 4003 τόν
1155 3947 1234 4014 ἡλιον
1254 3948 1327 4004 ἄτιο-

152 4033 277 4097 σττὶσέοις
306 4035 566 4110 ιῖπολσιμβανομένη
587 4033 628 4088 'o‘
658 4038 688 4090 δὲ
713 4034 798 4096 οὗτος
819 4035 907 4102 λόγος
930 4037 979 4088 καὶ
1002 4037 1048 4090 ἐπὶ
1073 4042 1120 4100 τη”ς
1145 4033 1252 4097 dissors
1278 4039 1328 4088 καὶ

152 4124 198 4177 ἔτι)
216 4129 264 4189 τῆς
283 4122 427 4194 κρύψειας.
464 4127 532 4178 Εἰσὶ
552 4126 582 4177 δὲ
601 4125 668 4192 περὶ
689 4124 813 4176 ἕκαστον
837 4126 893 4176 τών
912 4121 1042 4195 ἀστέρων
1062 4124 1190 4176 {arroldi
1211 4120 1261 4176 δύο
1277 4135 1282 4144 ’
1298 4127 1328 4175 αἱ

149 4210 206 4281 μὲν
233 4207 291 4284 γάρ
319 4209 414 4264 αὐτῶν
440 4215 576 4277 λέγονται
605 4211 729 4264 lustrat
752 4214 782 4262 αἱ
805 4211 835 4262 δὲ
862 4211 994 4279 ἑσπέριαι
1014 4213 1067 4260 κατ’
1089 4211 1169 4262 ἐστιν’
1193 4206 1248 4280 ἓῴα
1270 4211 1328 4282 μὲν

152 4294 275 4362 introiri,
296 4294 365 4352 ὅταν
384 4295 442 4369 ἅμα
461 4302 498 4367 τῷ
518 4294 583 4363 ἡλίῳ
603 4296 787 4350 ἀνατέλλοντι
806 4297 994 4364 σονανατέλλη
1014 4296 1056 4355 τὶς
1079 4292 1167 4368 α’στὴρ
1187 4293 1258 4350 acrei
1276 4294 1328 4350 το“ν

151 4379 240 4437 αὗτόν
254 4382 368 4457 χρόνον
394 4381 552 4456 γενόμενος
580 4385 626 4437 ἐπὶ
655 4389 706 4436 τοῦ
733 4380 1031 4454 ὁρι’ζοντος·έσιιερία
1058 4378 1083 4432 δ’
1108 4383 1187 4435 ἐστὶν
1215 4379 1327 4447 έττιτολὴ

151 4466 221 4522 ὅταν
248 4475 297 4523 τοῦ
323 4467 400 4535 ἡλίου
427 4469 565 4531 δύνοντος
590 4472 716 4539 ἕσιτέλλη
744 4470 786 4529 τὶς
813 4465 900 4540 ιὲστὴρ
929 4465 987 4539 ἅμα
1012 4464 1082 4520 κατοὲ
1110 4466 1161 4521 τόν
1189 4465 1322 4541 ὁρίζοντα

149 4553 322 4628 γενόμενος.

251 4641 275 4703 ²)
293 4641 374 4703 Haud
398 4641 456 4693 scio
480 4657 514 4692 an
537 4640 677 4692 Hesiodus
704 4639 832 4691 consulto
857 4637 998 4703 scripserit
1024 4642 1239 4694 έσιτέλλεσθαιτ
1269 4636 1320 4703 Op.

149 4730 185 4778 et.
205 4725 241 4780 D.
261 4744 288 4780 v.
307 4728 367 4791 383,
387 4728 446 4779 566.
467 4726 629 4778 discernens
649 4732 742 4777 ortum
761 4723 964 4793 significantem
983 4730 1010 4778 et
1029 4724 1197 4792 simplicem.
