2948 5160
626 277 824 339 -6-

141 472 189 538 ita
211 471 298 539 inter
320 491 355 539 se
378 472 581 538 consentiant
603 490 733 538 necesse
755 476 814 552 est,
848 475 885 538 ut
916 471 1007 538 cuius
1039 471 1167 556 generis
1197 472 1249 540 vis
1280 479 1314 539 et

136 593 255 650 natura
281 583 315 649 in
337 583 430 650 initio
454 583 601 665 exposita
624 583 677 664 sit,
702 583 842 650 eiusdem
866 582 995 667 singula
1017 583 1112 666 signa
1134 588 1248 666 postea
1271 586 1311 650 ab

138 700 269 762 auctore
291 701 479 762 enumerata
506 714 577 762 esse
604 700 715 761 nostro
742 694 813 761 iure
840 714 1011 762 sumamus.
1060 695 1183 780 Quanti
1205 700 1313 762 autem

138 805 182 872 sit
204 807 238 872 in
260 814 371 873 nostro
395 807 568 889 praecipue
589 806 672 873 libro
696 805 774 872 talis
790 807 1038 891 argumentandi
1060 808 1113 873 lex
1133 807 1312 891 intelleget,

94 955 97 960 ·
138 917 317 999 quicunque
339 919 402 985 sibi
424 918 622 1001 persuaserit
643 918 725 984 nihil
749 918 854 1002 magis
881 918 1006 984 damnis
1034 919 1205 985 obnoxium
1232 937 1312 999 esse,

7 1010 9 1015 ’
50 1022 65 1097 ,’
136 1030 218 1095 nihil
233 1029 337 1114 magis
353 1029 523 1096 sciolorum
538 1030 701 1097 hominum
713 1029 874 1097 curiosam
886 1029 1114 1111 loquacitatem
1126 1049 1261 1098 evocare
1272 1031 1314 1096 ad

139 1140 357 1222 interpolandi
372 1141 537 1208 licentiam
554 1162 648 1225 quam
663 1141 789 1208 ieiunas
806 1142 956 1222 tabellas,
980 1141 1096 1222 quibus
1111 1161 1164 1208 res
1178 1141 1264 1207 inter
1279 1161 1314 1207 se

137 1252 283 1320 diversae
306 1253 375 1320 sine
397 1255 466 1320 nlla
488 1254 638 1320 iunctura
661 1258 761 1336 atque
777 1253 1012 1320 necessitudine
1027 1253 1061 1319 in
1076 1272 1175 1319 unum
1190 1272 1314 1320 coacer-

138 1368 235 1431 vatae
262 1364 482 1432 exhibeantur.
530 1365 707 1434 Videamus
734 1365 846 1448 igitur,
879 1385 954 1431 num
986 1365 1101 1445 omnia,
1135 1383 1216 1446 quae
1244 1383 1314 1446 pro·

138 1476 227 1542 misit
258 1481 372 1542 auctor
402 1477 436 1543 in
467 1479 638 1559 prooemio,
671 1477 878 1558 sequentibus
910 1476 1070 1559 capitibus
1102 1475 1313 1558 praestiterit,

138 1589 192 1655 vel
223 1587 332 1669 potius
364 1609 425 1671 quo
459 1589 551 1655 modo
579 1589 664 1656 inter
692 1609 726 1656 se
754 1591 969 1672 respondeant
995 1590 1057 1654 hae
1083 1589 1166 1654 duae
1192 1594 1312 1669 partes.

137 1700 249 1780 Atque
272 1719 463 1781 quamquam
486 1702 595 1782 aliqua
618 1721 658 1767 ex
681 1706 775 1783 parte
802 1700 970 1767 offensioni
997 1706 1056 1780 est,
1085 1700 1169 1781 quod
1196 1719 1315 1782 magna

140 1810 304 1894 signorum
338 1813 503 1895 congeries
531 1813 680 1896 tangitur
710 1811 912 1894 paucissimis
942 1813 993 1879 his
1019 1812 1128 1879 verbis
1155 1818 1175 1895 ξ
1199 1812 1218 1875 3
1247 1817 1314 1881 ιιῖν
1416 1798 1419 1803 ’

87 1962 89 1969 ⁴
138 1927 175 1992 δὲ
198 1928 326 1994 λοιπῶν
349 1941 490 2015 σημείων
513 1927 586 1996 ἔνια
611 1936 674 2013 μὲν
698 1929 768 1994 ἴδια
793 1929 880 2009 κατα
904 1927 1019 2005 πάσας
1035 1927 1145 2016 χώρας
1166 1928 1255 1992 ἐστὶν
1277 1927 1315 1991 ἐν

137 2034 231 2116 ὅσαις
265 2035 322 2127 ὅρη
357 2038 476 2130 ὑψηλοὶ
506 2051 562 2106 καὶ
591 2038 742 2117 aalide&
776 2061 848 2115 εισι,
882 2038 1029 2124 μάλιστα
1064 2039 1101 2104 δὲ
1134 2034 1197 2103 ὅσα
1230 2035 1314 2125 πρός

137 2150 322 2218 θάλασσαν
346 2151 490 2239 καθήκει
513 2154 580 2220 τῶν
604 2150 754 2244 ὑψηλῶν.
791 2154 811 2232 ξ
835 2150 855 2212 5
880 2148 969 2217 α’ἷλλα
995 2151 1034 2216 δέ
1055 2151 1123 2216 ἔστι
1147 2163 1263 2236 σημεῖα
1289 2144 1314 2213 δι’

137 2261 348 2346 λαμβάνεται
362 2248 434 2329 αἰιό
447 2289 481 2329 τε
495 2262 588 2354 ζῴων
598 2266 665 2331 τῶν
674 2263 746 2330 κατ’
758 2269 867 2332 οἰκίαν
876 2272 934 2329 καὶ
944 2267 1063 2350 ἑτέρων
1072 2264 1173 2329 τινῶν
1182 2259 1315 2349 τρόπων

139 2373 190 2454 (ut
207 2369 423 2437 Schneiderus
439 2371 578 2438 coniecit
601 2391 658 2454 pr0
681 2375 809 2452 τόπων)
833 2384 891 2441 καὶ
914 2374 1143 2461 παθημάτων,
1167 2371 1314 2457 μάλιστα

139 2485 177 2550 δὲ
199 2485 385 2573 κυριώτατα
411 2484 482 2553 α’πό
507 2491 565 2554 νοΐ
588 2487 681 2574 ἡλίου
705 2491 841 2575 καὶτῆς
866 2486 1011 2574 σελήνης,
1040 2479 1124 2565 quod
1150 2479 1315 2564 signorum

140 2612 260 2677 genera
286 2594 414 2660 inverso
443 2594 510 2661 fere
537 2595 648 2661 ordine
676 2598 972 2674 commemorantur,
1001 2593 1156 2660 nonnulla
1183 2609 1316 2673 prorsus

103 2704 342 2786 *omittuntur
375 2707 435 2773 hoc
467 2707 646 2790 largiamur
678 2707 828 2790 scriptori
856 2704 1078 2788 prooemianti,
1112 2703 1229 2786 quippe
1261 2700 1316 2784 qui

139 2815 307 2884 universas
330 2817 472 2884 rationes
495 2819 647 2885 maluerit
674 2819 802 2885 tradere
829 2837 925 2900 quam
956 2816 1132 2900 diligenter
1162 2814 1315 2894 indicare,

137 2932 215 3011 quot
242 2947 362 3011 genera
389 2929 556 3014 signorum
585 2932 772 3013 prolaturus
800 2935 894 2996 esset.

244 3041 351 3107 Multo
375 3042 448 3122 plus
471 3041 608 3109 interest
631 3047 668 3109 ut
692 3042 877 3110 evincamus
901 3042 941 3108 de
964 3038 1146 3123 praesagiis
1174 3042 1316 3104 totorum

137 3172 292 3219 annorum
308 3173 480 3236 eorumque
496 3155 638 3236 partium
653 3155 782 3221 tradere
797 3153 940 3222 voluisse
955 3157 1129 3231 auctorem,
1151 3169 1221 3216 cum
1236 3151 1316 3216 haec

137 3264 293 3331 scriberet
313 3271 333 3350 ἓ
350 3268 370 3330 6
387 3276 423 3335 αλ
441 3271 626 3355 digeruntur
643 3272 817 3360 διορίζουσι
833 3271 894 3348 τοὶς
910 3266 998 3358 ὥρας
1019 3265 1102 3333 ὥστε
1117 3267 1174 3332 ἐπὶ
1190 3266 1316 3332 τούτων

138 3381 188 3446 δεῖ
210 3379 333 3469 οἷαρεῑν
356 3392 413 3448 καὶ
437 3383 594 3449 ἐνιαυτόν
612 3393 669 3448 καὶ
687 3381 821 3473 ἡμέραν,
860 3378 965 3463 Quam
987 3375 1027 3442 de
1050 3372 1217 3441 servandis
1239 3374 1317 3439 anni

137 3487 415 3556 vicissitudinibus
431 3489 622 3555 sententiam
639 3509 709 3557 cum
727 3489 888 3572 copiosius
907 3488 941 3554 in
955 3486 1162 3570 sequentibus
1179 3484 1317 3567 explica

76 3642 79 3647 -
136 3600 221 3667 verit
243 3600 439 3683 rehquarum
462 3620 568 3667 rerum
591 3602 748 3669 initiandi
771 3621 869 3668 causa
892 3598 1042 3667 frustulis
1057 3603 1184 3663 tantum
1203 3596 1317 3662 lectori

137 3711 304 3793 appositis,
330 3732 387 3795 pro
412 3717 499 3779 certo
524 3713 754 3780 affirmaverim
776 3734 840 3780 non
855 3713 947 3779 modo
963 3711 1085 3778 dierum
1101 3708 1318 3790 mensiumque

138 3823 304 3889 sedetiam
320 3823 421 3891 totius
434 3825 510 3890 anni
521 3824 653 3906 eiusque
664 3812 818 3908 partium,
835 3831 872 3892 nt
884 3824 1020 3891 aestatis
1032 3822 1101 3889 sive
1112 3820 1209 3901 veris
1222 3822 1317 3903 signa

136 3935 286 4001 daturum
310 3935 410 4002 fuisse
433 3936 633 4018 scriptorem.
670 3936 706 4005 si
721 3937 824 4021 igitur
839 3957 874 4003 re
889 3956 968 4004 vera
986 3935 1021 4001 in
1036 3934 1099 4001 fine
1114 3932 1315 4016 singulorum

135 4047 275 4129 capitum
292 4052 464 4114 occurrunt
479 4049 575 4132 signa
590 4068 648 4130 per
663 4049 766 4115 nraius
783 4049 860 4115 anni
876 4048 1016 4130 spatium
1036 4044 1194 4128 pollentia
1219 4049 1316 4126 atque

52 4169 55 4175 '
133 4159 296 4225 nonnullis
313 4159 468 4242 exemplis
484 4161 738 4227 necessitudines
757 4161 970 4242 explicantur,
987 4177 1069 4240 quae
1083 4157 1169 4223 inter
1185 4155 1315 4239 singula

133 4270 210 4336 anni
225 4276 371 4353 tempora
385 4271 602 4354 intercedant,
619 4273 667 4339 ita
683 4278 720 4339 ut
735 4272 873 4355 exempli
888 4271 997 4356 gratia
1013 4290 1031 4336 e
1047 4268 1134 4338 veris
1144 4273 1315 4350 tempesta·

131 4382 221 4450 tibus
244 4383 414 4464 efficiatur,
438 4384 544 4467 qualis
560 4385 604 4452 sit
619 4385 805 4453 insecutura
821 4391 940 4466 aestas,
965 4403 1037 4451 cum
1059 4383 1100 4454 V.
1119 4381 1216 4462 Rose,
1240 4378 1310 4448 viro
