2948 5160
95 747 188 833 signa
215 764 328 829 parum
356 741 508 810 distincte
531 740 661 822 scripsit
684 753 764 822 „aaz
788 744 898 810 ἐκεῖνα
923 742 960 808 δὲ
984 737 1196 830 προσακήκοα
1221 735 1267 802 ἐκ·

95 866 223 951 πλῆξαι
248 860 361 937 ἱκανοί,
395 874 452 937 pro
477 859 564 920 certo
592 854 767 918 habeamus
790 851 888 916 etiam
916 849 974 916 illa
1001 849 1112 931 paucis
1136 847 1269 914 mutatis

96 968 289 1037 Aristotelis
321 986 399 1033 esse.
451 967 573 1033 Nostro
611 963 714 1047 igitur
744 964 815 1028 iure
842 979 1007 1043 speramus
1035 980 1075 1026 ex
1103 960 1272 1026 Aelianeis
1370 1048 1373 1053 Ι

95 1082 167 1149 fore
188 1088 226 1147 ut
248 1080 391 1145 ordinem
414 1078 634 1157 rationemque
656 1074 879 1156 percipiamus,
909 1093 972 1155 qua
996 1072 1193 1139 Aristoteles
1216 1074 1273 1144 ille

96 1194 193 1277 signa
215 1193 256 1257 ab
279 1190 472 1257 animalibus
495 1188 598 1272 petita
621 1186 838 1253 collocaverit.

205 1303 269 1371 Sed
279 1321 470 1384 quamquam
480 1299 575 1366 facile
585 1300 677 1364 nobis
687 1297 814 1363 Plinius
824 1302 857 1362 et
868 1298 1050 1378 Excerptor
1059 1298 1274 1378 persuadeant

98 1415 298 1499 ingenuino
326 1413 408 1479 libro
436 1412 572 1494 primum
602 1411 705 1476 locum
734 1428 907 1490 occupasse
934 1408 1083 1490 aquatica
1111 1409 1273 1487 animalia,

99 1527 272 1594 secundum
289 1525 446 1605 volucres,
464 1523 595 1589 tertium
610 1522 733 1589 bestias
749 1522 835 1587 feras
851 1526 884 1586 et
899 1520 1091 1586 domesticas
1107 1528 1276 1601 ceteraque

99 1638 254 1705 animalia
269 1636 402 1703 minoris
418 1634 555 1720 generis,
582 1634 741 1700 Aelianus
763 1634 883 1700 transit
899 1633 1035 1714 quidem,
1052 1631 1136 1698 sicut
1148 1631 1274 1697 Plinius

100 1753 142 1817 ab
165 1750 281 1817 avibus
296 1748 338 1814 ad
361 1766 486 1828 pecora,
511 1747 567 1812 sed
583 1747 641 1812 bas
657 1765 735 1815 aves
751 1765 939 1812 enumerans
962 1759 1105 1836 γέρανοι,
1130 1748 1275 1836 ἐρωὸιός,

100 1863 217 1949 γλαῦξ,
242 1865 357 1951 κόραξ,
378 1864 510 1939 κολοιοί,
532 1862 668 1949 κοριόνη,
691 1857 824 1949 όρνιθις
841 1862 957 1927 πολλοὶ
973 1867 1036 1945 μὲν
1051 1860 1110 1925 τόν
1126 1857 1280 1946 α’ριθγιόν

103 1978 211 2043 λευκοὶ
235 1977 275 2041 δέ
294 1976 355 2061 τήν
370 1973 485 2062 χρόαν,
511 1977 626 2061 νῆτται
642 1986 703 2039 καί
724 1977 872 2049 αἴθυιαι,
898 1969 1032 2059 ὄρνιθες
1052 1972 1088 2037 ἐκ
1104 1975 1163 2037 τοῦ
1178 1970 1279 2036 πελα-

105 2113 181 2172 γους
205 2086 386 2171 πετόμενοι,
410 2085 577 2172 ἐρίθακος,
603 2082 816 2173 ἄλεκτρυόνες
839 2094 896 2150 καὶ
922 2081 1057 2173 όρνιθες
1087 2089 1116 2148 οἶ
1147 2081 1278 2169 ἠθοῖὄις

112 2224 141 2263 κ.
166 2224 195 2276 ι,
219 2198 246 2261 λ.
272 2192 302 2259 iu
329 2192 436 2276 priore
467 2198 595 2258 tantum
626 2200 721 2273 parte
748 2210 817 2257 cum
846 2190 954 2256 Plinio
982 2190 1142 2256 consentit
1169 2197 1189 2274 ξ
1216 2191 1281 2254 bon

113 2305 225 2370 harum
245 2304 349 2371 arium
373 2304 468 2388 signa
491 2304 639 2386 deinceps
659 2303 842 2385 proferente
867 2303 987 2386 „gruis
1012 2311 1157 2381 noctuae,
1182 2301 1280 2380 corvi,

86 2468 89 2473 .
113 2414 243 2499 graculi,
266 2416 414 2482 albarum
436 2415 553 2494 avium,
579 2416 751 2495 cornicis“;
776 2416 906 2480 auleam
925 2434 1002 2481 vero
1019 2413 1147 2479 Plinius
1161 2415 1196 2479 in
1219 2413 1282 2479 fine

110 2533 130 2611 ξ
152 2528 215 2593 363
236 2528 356 2609 posuit,
380 2547 507 2612 mergos
531 2533 638 2594 autem
662 2533 838 2608 anatesque
854 2532 887 2592 et
904 2546 982 2593 aves
1002 2526 1104 2591 maria
1119 2526 1282 2610 fugientes

108 2644 183 2705 ante
204 2639 384 2722 longiorem
408 2639 498 2705 illam
522 2639 636 2707 seriem
660 2639 841 2707 collocavit.
889 2637 1008 2706 Octavi
1030 2638 1143 2704 deinde
1166 2637 1283 2720 capitis

105 2749 260 2817 Aelianei
286 2751 495 2835 prognostica
524 2771 594 2818 cum
618 2752 706 2817 Plini
730 2758 750 2835 ξ
775 2752 840 2817 364
868 2752 1014 2817 conferre
1036 2751 1092 2818 vix
1115 2751 1200 2816 tanti
1223 2756 1283 2830 est,

68 2910 73 2919 .
108 2881 180 2929 eum
198 2862 308 2928 ¹multo
330 2863 462 2929 uberior
484 2863 528 2929 sit
543 2863 703 2931 Aelianus
719 2884 782 2930 non
805 2865 897 2929 modo
914 2863 1021 2929 Plinio
1045 2863 1101 2928 sed
1124 2870 1158 2928 et
1177 2864 1285 2928 Arato

106 2981 140 3040 et
168 2975 379 3055 Excerptore.
425 2975 547 3041 Tamen
579 2995 642 3041 non
675 2996 755 3058 opus
788 2982 837 3042 est
866 2994 1062 3043 communem
1090 2975 1136 3041 eis
1164 2974 1284 3040 iontem

106 3085 302 3151 abiudicare.
362 3084 487 3170 Quibus
524 3087 608 3153 enim
646 3087 735 3154 vitiis
772 3090 955 3169 Excerptor
989 3087 1131 3166 laborat,
1167 3088 1285 3153 eisdem

107 3196 279 3276 Aelianus,
303 3197 353 3263 bis
376 3199 460 3265 idem
484 3199 612 3283 signum
636 3218 766 3281 ponens.
780 3207 802 3285 ¹)
839 3197 931 3283 Quae
954 3199 1118 3282 signorum
1142 3199 1284 3264 turbatio

108 3307 183 3374 inde
214 3308 363 3375 extitisse
395 3310 533 3391 videtur,
571 3312 656 3392 quod
691 3312 724 3376 in
761 3312 925 3392 deperdito
961 3310 1018 3376 illo
1052 3311 1134 3376 libro
1167 3330 1286 3393 genera

109 3419 236 3501 quidem
260 3421 538 3504 prognosticorum
555 3423 726 3488 secundum
742 3441 794 3487 res
810 3422 1030 3505 significantes
1046 3421 1287 3503 circumscripta

111 3535 214 3610 erant,
239 3530 370 3615 singula
393 3552 470 3601 vero
494 3532 589 3616 signa
612 3539 669 3599 aut
684 3534 855 3600 secundum
872 3533 1019 3600 effectum
1042 3540 1099 3600 aut
1115 3535 1285 3599 seeundum

110 3641 264 3722 actiones,
288 3643 403 3724 quibus
419 3650 645 3728 tempestatum
662 3645 870 3729 prognostica
885 3647 1013 3726 dantur,
1038 3646 1123 3711 inter
1145 3666 1179 3711 se
1195 3665 1287 3726 copu-

112 3751 182 3819 lata
204 3761 306 3819 erant.
355 3755 455 3821 Cuius
479 3756 615 3822 rationis
639 3758 743 3822 multa
765 3757 906 3840 vestigia
929 3764 1055 3837 extant,
1080 3760 1179 3824 habes
1203 3758 1288 3838 apuli

112 3863 285 3930 Aelianum
310 3874 426 3957 νῆτται
450 3882 508 3937 καὶ
532 3877 671 3938 αἴθυιαι
695 3875 929 3961 ιττιρυγίζουσι,
954 3874 1058 3964 κόραξ
1081 3884 1138 3939 καὶ
1161 3873 1286 3961 κορώνη

113 3989 169 4045 καὶ
201 3980 328 4059 κολοιός
360 3983 468 4069 δείλης
502 3981 608 4074 ὀψίας
642 3989 672 4049 sc'
698 3992 905 4070 φθέγγοιντο,
938 3983 1041 4047 multa
1073 3980 1147 4046 alia.
1198 3980 1287 4047 Hinc

112 4086 195 4152 mira
216 4087 276 4153 illa
298 4088 331 4153 in
354 4090 516 4172 excerptis
540 4091 697 4175 lolliginis
720 4092 900 4159 coniunctio
924 4112 995 4159 cum
1019 4093 1166 4175 graculo:
1200 4099 1220 4176 ξ
1243 4095 1287 4158 40

114 4202 234 4267 κολοιοὶ
257 4204 293 4269 ἐκ
321 4208 379 4272 τοῦ
407 4206 503 4272 νότου
532 4207 707 4292 πετόμενοι
736 4219 792 4274 καὶ
822 4209 973 4285 τευθίδος
1001 4219 1174 4295 χειμέριαι,
1208 4224 1290 4284 qnae

222 4416 241 4477 ¹)
260 4415 377 4467 Aristot.
399 4417 579 4485 pseudepigr.
597 4436 623 4485 p.
637 4419 699 4483 252,
720 4421 750 4470 9:
772 4429 799 4471 et
812 4419 844 4470 12
862 4418 982 4490 ὄρνιθος
997 4423 1027 4474 cli
1042 4423 1074 4475 ἐκ
1088 4416 1136 4475 τοο
1149 4419 1289 4490 πελάγους

116 4504 156 4562 ‘lc
174 4498 226 4567 τήν
251 4508 305 4570 γῆν
328 4500 381 4556 σόν
406 4500 479 4578 όρμῂ
505 4504 661 4580 πετόμενοι
684 4504 884 4580 μαρτύρονται
903 4513 1036 4579 χειμῶνα
1055 4512 1080 4558 et
1100 4505 1132 4556 12
1155 4504 1242 4562 πόλιν
1260 4526 1288 4560 το

115 4582 236 4658 ὄρνιθες
254 4588 356 4660 οἱμὲν
374 4589 531 4644 θαλάσσιοι
551 4594 600 4645 καὶ
625 4597 654 4646 οἱ
671 4596 804 4664 λιμναῖυι
828 4595 856 4654 ἐς
875 4591 925 4658 τόν
943 4598 998 4660 γῆν
1024 4590 1127 4656 ἰόντες,
1154 4591 1191 4653 ὠς
1209 4596 1289 4646 ἔσται

12 4694 20 4757 ζ.
111 4670 228 4746 χειμών
246 4671 332 4735 aelric
352 4673 403 4728 οόκ
424 4674 594 4744 α’γνοοῡσιν.
616 4677 651 4732 cf.
672 4679 756 4729 etiam
775 4694 802 4744 p.
822 4678 882 4741 253,
902 4677 934 4729 13
952 4693 1015 4729 cum
1033 4677 1076 4731 20.

1073 4779 1125 4831 3⁵*
