2948 5160
691 244 1040 317 -24..·

218 440 339 521 „Arati
365 482 410 492 -
434 446 602 534 διοσημεῑα
631 444 685 512 vel
712 447 887 531 praesagia
913 448 1168 533 meteorologicc
1193 491 1238 501 -
1264 456 1391 518 tantum

125 582 128 599 =
216 555 310 621 01001
332 557 369 619 01
391 572 431 620 ex
458 553 542 620 libro
569 554 608 621 de
635 556 737 640 signis
760 557 816 638 qui
842 577 926 625 nunc
953 559 1057 626 fertur
1079 580 1233 643 expressa
1256 563 1330 643 sint,
1355 570 1392 630 ut

153 728 155 733 .
216 664 324 746 potius
351 666 511 731 Arateum
534 666 676 733 ordinem
697 668 858 750 verbaque
881 671 1008 737 Aratea
1030 672 1176 739 imitatus
1205 693 1275 740 esse
1294 675 1393 741 Pseu-

216 776 424 843 daristoteles
445 778 508 843 iste
522 777 680 858 videatur.
717 779 893 848 Videamus
913 801 1006 861 nnnc,
1030 802 1093 864 qno
1107 784 1177 850 iure
1193 786 1252 851 hoc
1268 786 1389 852 fecerit.

218 889 291 974 Qua
314 888 440 970 quidem
462 889 496 955 in
520 908 555 955 re
577 908 642 956 non
665 890 779 974 ignoro
796 891 937 959 Roseum
956 893 990 960 in
1006 896 1212 976 sequentibus
1228 897 1393 963 affirmare

217 1003 359 1068 Aratum
374 1007 408 1068 et
423 999 663 1082 compilatorem
688 1001 750 1082 „ad
772 1022 869 1069 unum
892 1005 1021 1083 fontem¹
1035 1026 1182 1074 reversos
1206 1020 1307 1087 esse‘,
1335 1011 1392 1075 sed

18 1168 20 1175 ,
68 1106 97 1122 '⁴
216 1115 376 1181 Arateum
397 1112 480 1179 illud
507 1114 685 1194 exemplum
713 1121 779 1182 tam
808 1114 919 1182 multis
942 1117 1050 1184 verbis
1077 1119 1197 1200 pressit
1208 1124 1230 1204 Ι1
1261 1127 1393 1202 tamque

216 1226 361 1308 speciosa
382 1224 442 1291 1110
465 1223 604 1306 suspicio
621 1225 724 1293 cuivis
741 1229 910 1294 verborum
933 1228 1175 1297 similitudinem
1192 1235 1394 1314 comparanti

215 1339 365 1407 uideatur
391 1355 521 1404 necesse
547 1341 607 1417 est,
636 1342 674 1403 ut
700 1337 799 1421 digna
826 1339 880 1420 sit,
908 1358 991 1421 quae
1019 1341 1228 1409 examinetur.
1280 1345 1394 1426 Atque

205 1450 351 1535 'primum
374 1449 500 1531 quidem
522 1449 557 1514 in
580 1449 722 1515 ordinem
749 1449 960 1532 inquiramus,
990 1471 1051 1534 quo
1079 1453 1173 1537 signa
1196 1455 1394 1536 disposuerit

104 1638 107 1643 ⁴
214 1566 350 1631 Aratus.
386 1562 471 1629 Nem
488 1560 515 1626 si
532 1579 671 1642 unquam
688 1562 767 1628 haec
783 1563 929 1643 quaestio
945 1562 1099 1631 intricata
1115 1566 1258 1647 expediri
1273 1573 1392 1649 potest,

214 1673 393 1743 collocandi
415 1673 549 1740 oonsilio
565 1672 803 1739 diiudicandum
828 1679 887 1754 est,
911 1693 994 1755 qnae
1014 1678 1098 1743 ratio
1114 1677 1276 1745 interduo
1293 1697 1394 1760 opera

214 1786 403 1855 intercedat.
463 1840 466 1856 2

319 1899 362 1968 V.
381 1898 500 1963 733-39
517 1915 574 1962 sex
594 1902 740 1978 tempora
762 1902 861 1978 poeta
876 1917 935 1965 nos
951 1899 1052 1981 docet,
1077 1919 1158 1982 quae
1174 1902 1270 1968 lunae
1285 1901 1394 1983 specie

213 2010 359 2096 dignosci
389 2009 525 2091 possint,
558 2027 589 2074 v.
620 2009 739 2073 739·οΙ
773 2009 851 2075 0001
882 2009 1058 2078 intervalla
1086 2012 1228 2094 explicat
1255 2013 1295 2078 de
1323 2014 1393 2079 sole

126 2172 129 2176 »
213 2123 378 2191 duodecim
410 2120 504 2204 signa
536 2126 720 2201 permeante
753 2121 935 2202 observate,
972 2125 1090 2189 70172
1124 2132 1393 2208 parapegmatum

214 2234 396 2305 doctrinam
422 2233 576 2314 explanat
604 2230 830 2314 signorumque
857 2252 948 2300 usum
977 2254 1071 2315 quam
1102 2234 1250 2317 plurimis
1282 2237 1392 2304 verbis

214 2347 421 2416 commendat.
458 2344 539 2410 Tum
563 2343 635 2425 ipsa
658 2342 752 2427 signa
776 2351 960 2426 sequuntur.
997 2347 1108 2428 Atque
1132 2349 1149 2412 7
1155 2349 1272 2414 78908
1297 2348 1390 2432 signa

214 2458 373 2538 sublimia,
398 2457 582 2538 quaemus,
607 2455 684 2534 sole,
708 2456 937 2538 praesaepibus
953 2457 1100 2524 eduntur.
1133 2459 1260 2525 Aluna
1283 2466 1385 2526 autem

32 2552 35 2557 ⁵
89 2628 92 2632 .
215 2572 337 2638 falcata
352 2589 382 2638 v.
401 2570 465 2635 778
481 2585 615 2633 exorsus
638 2566 680 2631 ad
695 2567 823 2648 plenam
838 2568 946 2651 pergit
961 2588 991 2635 v.
1010 2571 1074 2634 799
1090 2569 1184 2652 signa
1200 2588 1388 2636 enumerans

214 2703 244 2752 V.
272 2684 336 2748 784
359 2683 483 2773 εὐδίας,
509 2699 540 2746 v.
567 2680 630 2744 785
654 2682 851 2767 πνεύματος,
878 2682 939 2746 787
957 2681 1079 2762 ὓδατος
1098 2688 1196 2762 atque
1218 2683 1392 2749 adnectens

213 2814 316 2877 pauca
343 2793 383 2858 de
405 2793 501 2857 lunae
524 2789 674 2856 cornibus
698 2789 767 2857 sive
789 2792 935 2858 curvatis
957 2791 1027 2859 sive
1053 2792 1165 2874 1·eetis;
1194 2792 1334 2875 itemque
1357 2793 1392 2859 in

212 2907 309 2990 plena
332 2906 409 2971 luna
432 2904 546 2984 εὐδίας
570 2923 602 2971 ν.
627 2903 701 2980 802,
727 2903 852 2991 α’νέμου
876 2922 906 2972 v.
933 2904 1006 2985 803,
1031 2907 1128 2975 ὑετοῦ
1151 2924 1182 2972 u.
1208 2907 1272 2972 804
1295 2906 1392 2989 signa

215 3019 363 3100 deinceps
390 3015 524 3099 profert,
560 3018 730 3095 praeterea
757 3013 908 3095 explicat,
942 3033 1000 3095 per
1026 3035 1108 3096 quae
1140 3015 1237 3083 lunae
1264 3016 1391 3085 vicibus

213 3136 328 3198 notata
350 3127 526 3196 intervalla
541 3125 674 3194 valeant
690 3124 784 3209 signa
800 3144 829 3193 v.
849 3128 979 3206 805-10,
1003 3133 1100 3209 atque
1116 3128 1193 3221 quid
1208 3129 1271 3195 sibi
1286 3129 1391 3195 velint

214 3243 347 3310 haloues
370 3243 479 3307 lunam
502 3237 668 3321 cingentes
692 3238 822 3304 811-18.

320 3353 431 3420 Etiam
462 3350 497 3416 in
529 3349 607 3416 solis
639 3348 742 3432 signis
775 3350 817 3415 ab
849 3357 924 3417 ortu
950 3351 1077 3433 incipit;
1112 3351 1249 3432 primum
1280 3357 1388 3418 autem

215 3469 330 3548 0101ος
353 3486 384 3534 v.
403 3465 532 3545 822-27,
556 3464 670 3531 deinde
693 3481 792 3545 usque
814 3463 857 3528 ad
871 3482 901 3531 v.
920 3465 983 3530 876
1007 3469 1040 3529 01
1064 3465 1189 3552 dvspoe
1212 3473 1247 3530 et
1267 3464 1388 3545 ὓδατος

215 3579 309 3663 signa
336 3578 514 3660 promiscue
541 3577 652 3658 tradit,
685 3578 808 3643 duobus
840 3575 1025 3642 serenitatis
1057 3575 1160 3659 signis
1187 3574 1388 3657 interpositis

214 3711 244 3760 v.
264 3692 394 3771 84751,
418 3690 513 3756 finem
535 3708 612 3756 vero
636 3689 759 3755 iaciunt
777 3692 886 3759 α’λωαῑ
903 3689 1023 3753 877-79
1039 3693 1072 3754 01
1088 3692 1237 3779 παρήλια
1255 3689 1385 3754 88089.

321 3803 404 3869 Tum
419 3808 588 3885 postquam
612 3801 645 3866 in
661 3801 824 3868 occidente
840 3802 907 3866 sole
923 3799 1073 3866 maiorem
1089 3800 1183 3866 fidem
1199 3818 1269 3866 esse
1291 3819 1387 3882 quam

213 3916 247 3982 in
279 3915 404 3981 oriente
435 3913 646 3993 asseveravit,
679 3914 862 3994 Praesaepe
895 3932 912 3978 0
943 3912 1058 3994 quibus
1090 3912 1196 3978 stellis
1228 3913 1283 3979 ubi
1314 3913 1387 3978 sitis

213 4032 339 4094 constet
361 4025 455 4092 docet
477 4031 574 4108 atque
597 4026 665 4091 eius
689 4025 784 4109 sigua
805 4031 971 4091 enumerat
993 4044 1024 4092 v.
1051 4026 1203 4090 892-907.

315 4226 336 4289 ¹)
365 4223 542 4291 0111οι0011,
570 4223 741 4292 Geoponiea.
769 4223 843 4275 Berl.
872 4223 946 4275 1883.
973 4240 1000 4292 p.
1026 4223 1059 4274 57
1083 4222 1257 4288 „Fragment
1274 4220 1312 4272 Vl
1336 4221 1385 4273 des

211 4311 389 4379 Theophrast
415 4314 481 4384 περὶ
505 4319 641 4384 σημείων,
668 4309 791 4361 welches
819 4309 892 4361 nach
915 4308 1013 4360 Rose's
1040 4307 1256 4374 Untersuehnng
1283 4305 1385 4376 pseud·
1444 4324 1448 4329 ·

208 4396 399 4451 aristotelisch
421 4395 478 4448 und
496 4394 567 4448 nach
586 4396 656 4449 Aret
675 4394 830 4463 gearbeitet
847 4394 917 4448 101.“
