2948 5160
245 1995 352 2124 Tria
368 2077 487 2141 genera
507 2058 698 2140 scriptorum
718 2058 1037 2142 meteorologicorum
1054 2079 1093 2124 ex
1110 2058 1308 2125 Graecorum

135 2172 415 2250 Romanorumque
438 2170 552 2235 studiis
575 2188 675 2252 usque
698 2171 739 2235 ad
754 2174 899 2236 nostram
917 2175 1057 2236 aetatem
1076 2175 1207 2238 servata
1223 2156 1317 2237 sunt.⁴

136 2284 246 2361 Atque
269 2281 484 2363 principatum
506 2287 618 2349 tenent
637 2301 675 2346 ea
691 2281 822 2363 scripta,
847 2301 928 2362 quae
948 2284 989 2348 ab
1004 2282 1185 2348 Aristotele
1201 2283 1309 2364 eisque

136 2392 189 2473 qui
213 2394 254 2458 ab
278 2393 335 2457 illo
359 2392 495 2474 profecti
526 2392 655 2458 suntin
681 2393 784 2458 lucem
816 2392 903 2458 edita
930 2411 1053 2459 omnem
1080 2399 1224 2460 nostram
1256 2395 1309 2460 ad-

133 2503 334 2569 mirationem
374 2505 494 2570 habent
534 2510 667 2586 propter
708 2503 897 2570 acerrimum
934 2504 1098 2588 ingenium
1133 2505 1309 2586 miramque

133 2635 195 2695 qua
218 2615 347 2680 condita
370 2622 446 2681 sunt
465 2614 642 2694 seientiam,
667 2614 737 2681 dico
759 2615 914 2697 imprimis
937 2616 1129 2682 Aristotelis
1150 2618 1309 2683 Meteoro-

133 2727 248 2808 logica,
273 2727 490 2808 Theophrasti
512 2729 551 2793 de
566 2727 673 2794 ventis
696 2727 823 2808 librum,
848 2728 1029 2793 Alexandri
1045 2728 1308 2809 Aphrodisiensis

132 2839 385 2905 commentarios,
452 2839 631 2906 Secundum
672 2857 774 2922 genus
812 2859 853 2904 ex
890 2839 1131 2923 parapegmatis
1170 2849 1307 2921 constat,

130 2970 212 3030 quae
235 2970 296 3031 quo
320 2950 553 3017 vetustioribus
580 2952 778 3031 temporibus
804 2950 838 3016 in
861 2970 953 3016 usum
976 2957 1146 3018 nautarum
1171 2959 1204 3018 et
1226 2953 1310 3036 agri-

133 3064 273 3127 colarum
307 3062 446 3128 conflata
478 3068 562 3142 sunt,
596 3080 633 3127 eo
666 3061 771 3145 magis
804 3081 824 3126 a
856 3061 1023 3128 literarum
1056 3064 1151 3129 docta
1184 3064 1310 3130 ratione

135 3175 297 3239 recedunt.
345 3174 408 3240 Sed
435 3193 626 3256 quamquam
654 3174 733 3239 adeo
757 3175 798 3239 ab
821 3173 993 3240 hodiernae
1016 3175 1181 3241 doctrinae
1202 3176 1310 3262 indole

134 3285 316 3362 abhorrent,
352 3291 389 3350 nt
426 3304 528 3367 paene
548 3283 700 3350 ¹ludibrio
735 3285 828 3350 nobis
860 3286 935 3366 sint,
968 3287 1043 3352 inde
1080 3307 1099 3352 a
1131 3287 1309 3353 Democriti

133 3401 242 3460 aetate
274 3398 315 3462 ab
347 3396 475 3477 optimis
503 3397 686 3478 astrologia,
720 3403 757 3462 ut
789 3397 930 3475 Melone,
967 3398 1112 3477 Eudoxo,
1146 3398 1308 3480 Philippo,

135 3507 294 3587 Callippo,
331 3509 530 3590 Hipparcho,
569 3508 756 3573 Ptolemaeo
788 3527 906 3590 magna
937 3508 1097 3574 industria
1129 3510 1311 3592 conscripta

134 3638 233 3699 usque
261 3620 302 3684 ad
330 3620 424 3685 linem
451 3619 578 3701 imperii
605 3619 743 3685 Romam
771 3619 912 3684 omnium
937 3619 1084 3685 manibus
1111 3623 1309 3688 terebantur.

134 3729 280 3794 Tertium
307 3732 442 3812 denique
470 3750 572 3815 genus
595 3731 728 3810 accedit,
758 3731 849 3814 cujus
872 3731 936 3798 vim
965 3738 998 3797 et
1021 3737 1169 3798 naturam
1198 3753 1237 3798 ex
1260 3735 1310 3799 his

136 3841 264 3907 Gemini
291 3843 399 3908 verbis
428 3842 547 3925 optime
574 3849 652 3924 puto
685 3842 841 3924 intellegi.
894 3844 1048 3927 (isagoge
1075 3843 1108 3908 in
1136 3845 1307 3910 Phaenom.

134 3953 264 4020 Patavii
292 3954 428 4019 Uranol.
456 3974 487 4036 p.
521 3956 615 4039 sslb.)
665 3958 735 4034 Τοὶς
757 3964 820 4043 μὲν
836 3958 900 4047 γοέρ
923 3961 959 4024 ἐκ
982 3960 1228 4027 coventreiam
1252 3971 1309 4025 καὶ

139 4068 266 4136 (λύσεων
298 4072 365 4137 τῶν
398 4066 529 4158 ἄστρων
560 4079 735 4154 γινομένοις
767 4071 956 4155 μεταβολάς
992 4074 1052 4137 τοῦ
1084 4069 1179 4160 οἷίρος
1212 4069 1310 4161 piritio]

135 4176 308 4268 (Ἄρατος)
332 4181 419 4248 εἶναι
445 4181 697 4272 διεψευσμένος,
726 4182 787 4258 τοὶς
816 4182 854 4247 δὲ
880 4186 1022 4268 φυσικοῖς
1055 4193 1230 4267 γινομίνοις
1253 4193 1310 4248 καὶ

134 4292 220 4375 μειοῖ
247 4320 334 4370 τινος
363 4298 474 4369 αἰσίοις
502 4291 720 4379 κατεχώρισεν
747 4293 783 4358 ἐν
810 4297 852 4390 τῇ
878 4297 945 4360 τοῖν
973 4304 1182 4378 φαινομένων
1210 4321 1310 4381 πραγ-

134 4414 255 4492 ματείᾳ
288 4404 344 4470 ἐπὶ
377 4414 496 4492 πέρατι
529 4407 585 4489 τῆς
618 4400 695 4490 ὅλης
724 4404 909 4482 σονσοῖξεοις
933 4406 1128 4489 ’λαμβάνει
1157 4406 1221 4493 γοὶρ
1249 4406 1310 4482 τοὶς

134 4514 333 4602 προγνολσεις
357 4513 427 4581 οἶπό
453 4518 509 4602 τῆς
532 4518 591 4581 τοῦ
613 4513 707 4602 ἡλίου
736 4513 903 4603 οἶνοιτολῆς
930 4526 987 4580 καί
1011 4516 1133 4594 δύσεως
1157 4526 1213 4582 καὶ
1238 4514 1308 4582 dni

135 4630 203 4694 τοῖν
226 4629 281 4714 τῆς
298 4627 433 4715 σελήνης
457 4624 634 4694 οἷνοιτολοῖν
657 4637 714 4692 καὶ
739 4627 866 4694 δύσεων
889 4637 945 4692 καὶ
969 4625 1039 4693 οἷπό
1064 4631 1121 4714 τῆς
1141 4637 1310 4714 γινομένη

136 4748 212 4827 περὶ
235 4740 296 4826 την
319 4738 458 4828 σελήνην
482 4748 538 4804 καὶ
563 4736 634 4804 dni
659 4741 727 4805 coir
744 4738 962 4805 διαὶσσόντωυ
983 4737 1130 4828 οἷσιέρων
1153 4748 1209 4805 καὶ
1237 4735 1264 4805 οἷ,

850 4858 853 4863 ’
1094 4864 1114 4914 l
