2948 5160
622 200 863 312 ..m-²

147 465 235 526 cane,
248 447 372 526 frustra
383 449 583 528 quaeruntur
591 435 694 525 neque
702 443 771 509 ulla
780 462 842 523 raa,
853 448 971 510 natura
981 441 1110 508 minime
1118 440 1316 523 prohibente,

146 564 198 624 tor
213 562 487 636 commemoratur,
511 561 544 622 et
563 555 596 621 in
611 555 794 637 pluviarum
811 561 843 620 et
858 559 1027 622 ventorum
1043 560 1076 619 et
1090 556 1319 634 tempestatum

147 669 259 753 signis.
307 668 380 752 Qua
407 667 502 733 reid
529 665 711 733 affirmatur
737 667 821 747 quod
848 684 946 747 supra
973 665 1039 731 alia
1066 664 1106 730 de
1133 682 1231 730 causa
1254 680 1320 728 sus·

59 786 61 791 ’
147 780 273 862 picotus
289 799 358 846 sum
373 779 507 845 tertium
522 784 620 861 caput
635 799 653 845 e
667 777 769 860 primo
786 782 819 843 et
835 777 971 843 secundo
988 776 1081 858 quasi
1096 772 1319 842 concinnatum

147 912 226 972 esse,
250 892 365 971 idest,
394 892 476 957 hanc
499 891 670 957 secundam
692 890 791 957 trium
813 889 943 981 illorum
966 888 1106 969 capitum
1129 891 1256 968 partem
1279 902 1320 949 ex

147 1004 230 1071 libro
266 1005 325 1084 „de
356 1003 476 1084 pluviis
505 1009 538 1067 et
564 1003 690 1070 ventis‘
724 1001 772 1067 ita
804 1004 988 1084 excerptam
1020 1018 1099 1079 esse,
1133 1004 1170 1064 ut
1201 995 1320 1063 tertiae

147 1115 243 1181 classi
271 1114 468 1181 adscriberet
504 1110 703 1195 compilator,
745 1114 962 1194 quodcumque
998 1111 1125 1194 signum
1162 1115 1320 1198 χειμῶνος

146 1226 192 1292 ibi
215 1228 411 1292 occurrebat.
458 1227 530 1291 Iam
552 1245 629 1293 vero
653 1226 681 1290 si
704 1230 792 1290 recte
814 1223 999 1305 statuimus!
1014 1242 1055 1288 ex
1077 1223 1160 1288 libro
1184 1221 1320 1303 quodam

146 1339 185 1403 de
207 1344 377 1405 ventorum
400 1343 433 1403 et
454 1337 637 1419 pluviarum
661 1342 779 1402 natura
802 1335 985 1419 conscripto
1008 1335 1112 1416 petita
1132 1352 1202 1399 esse
1217 1331 1320 1397 nostri

147 1449 252 1516 libelli
275 1455 404 1515 terrena
427 1449 531 1532 signa,
555 1448 625 1515 fieri
648 1468 712 1514 non
727 1452 845 1532 potest,
870 1447 946 1529 quin
963 1448 1004 1513 ad
1027 1447 1111 1513 idem
1131 1464 1210 1527 opus
1227 1445 1321 1527 signa
1376 1521 1378 1524 .

147 1561 297 1628 sublimia
320 1560 505 1627 referamus.
541 1562 627 1627 Nam
650 1559 793 1642 profecto
818 1560 846 1624 si
869 1561 996 1625 omnino
1020 1560 1184 1642 signorum
1200 1555 1320 1622 mentio

147 1673 339 1752 admittitur,
368 1672 514 1754 inprimis
543 1672 693 1738 sublimia
722 1671 781 1737 illa
808 1676 1027 1752 expectantur.
1079 1672 1192 1752 Neque
1218 1688 1322 1751 parva

146 1786 232 1852 inter
255 1785 376 1867 primas
404 1789 437 1850 et
464 1784 620 1851 secundas
648 1783 790 1866 capitum
817 1789 927 1864 partes
950 1782 1126 1848 similitudo
1150 1780 1322 1848 intercedit

58 1928 61 1933 ·
146 1897 187 1962 In
209 1895 303 1962 initio
326 1895 410 1961 enim
433 1895 524 1962 tertii
546 1895 663 1976 capitis
685 1899 753 1961 tam
775 1914 880 1976 pauca
903 1894 951 1960 de
965 1895 1042 1961 solis
1059 1899 1092 1960 et
1106 1894 1203 1960 lunae
1217 1892 1320 1976 signis

145 2008 329 2087 traduntur,
358 2012 394 2073 ut
422 2008 572 2088 suppleta
604 2026 674 2072 esse
696 2008 756 2072 hoo
788 2007 858 2072 loco
885 2006 1044 2087 videntur,
1074 2015 1155 2087 quae
1177 2004 1320 2087 priorum

147 2121 287 2201 capitum
320 2118 482 2185 enarratio
515 2118 656 2200 reliquit.
712 2117 793 2184 Oum
825 2137 903 2184 vero
941 2118 975 2183 in
1012 2117 1128 2184 ceteris
1160 2116 1320 2198 capitibus
1354 2165 1357 2169 «

148 2231 319 2298 secundum
343 2250 449 2296 rerum
472 2235 622 2295 naturam
645 2232 687 2296 ab
710 2229 833 2295 oriente
849 2230 917 2296 sole
932 2230 1059 2296 initium
1073 2229 1142 2310 fiat,
1165 2227 1320 2295 intentio

147 2343 253 2424 capite
281 2342 414 2408 orientis
442 2342 520 2408 solis
547 2341 666 2408 mentio
692 2361 825 2423 prorsus
853 2344 946 2410 abest
972 2347 1069 2424 atquo
1096 2342 1135 2407 de
1158 2340 1322 2407 occidente

148 2474 186 2520 ea
208 2455 383 2520 traduntur
405 2473 487 2535 quae
510 2459 567 2520 aut
590 2454 735 2520 omnibus
759 2459 837 2520 nota
859 2454 925 2519 sint
948 2460 1013 2544 aut
1027 2454 1096 2520 fere
1118 2455 1159 2519 ab
1182 2451 1322 2518 omnium

146 2565 316 2632 intellectu
344 2567 548 2631 abhorreant.
596 2565 756 2633 Nimirum
783 2565 816 2631 in
844 2564 982 2648 genuino
1012 2565 1069 2631 illo
1097 2584 1192 2647 opere
1220 2565 1322 2630 multa

147 2678 381 2759 perscripserat
396 2683 509 2743 auctor
524 2677 706 2759 pluviarum
721 2677 825 2762 sigua,
848 2677 1052 2759 tempestatis
1067 2697 1143 2745 vero
1159 2684 1320 2759 tamquam

119 2799 123 2802 ’
149 2789 348 2870 praeteriens
372 2788 527 2854 nonnulla
549 2795 742 2870 asperserat.
779 2790 858 2870 Ipsa
873 2795 981 2855 autem
1004 2789 1186 2856 sublimium
1209 2791 1322 2855 borum

149 2901 314 2984 signorum
340 2901 505 2982 paucitate
531 2900 623 2966 nobis
650 2901 872 2982 persuadetur,
905 2901 1018 2967 hiemis
1050 2902 1258 2986 prognostica
1289 2903 1323 2967 in

149 3031 247 3078 causa
263 3011 372 3091 luisse,
390 3019 427 3079 ut
439 3012 565 3078 omnino
582 3013 790 3094 tempestatis·
801 3012 896 3097 signa
911 3033 931 3078 a
946 3012 1128 3094 pluviarum
1143 3019 1324 3081 ventorum·

150 3143 211 3205 quc
238 3124 340 3207 signis
368 3124 622 3208 seiungerentur.
669 3123 761 3208 Quae
789 3125 951 3192 sententia
974 3145 1167 3209 magnopere
1190 3125 1324 3193 fulcitur

149 3235 248 3301 tertio
271 3236 331 3301 hoo
354 3242 557 3318 argumento:
582 3256 652 3301 cum
673 3237 757 3301 enim
773 3255 871 3302 unum
886 3237 982 3303 lunae
998 3238 1124 3321 signum
1139 3236 1324 3319 proferatur

52 3346 54 3351 ¹
149 3352 181 3430 (ξ
209 3349 265 3431 38)
292 3351 329 3416 τό
360 3351 510 3438 σελήνιον
537 3352 601 3418 ἐάν
629 3350 737 3440 ὀρθόν
770 3345 792 3450 ᾖ
818 3364 912 3441 μέχρι
940 3354 1095 3441 τετράδος
1123 3363 1180 3420 καὶ
1204 3359 1234 3419 εἰ
1256 3350 1324 3419 citn-

150 3465 250 3531 υκλον
275 3463 427 3547 χειμάσει
457 3474 551 3552 μέχρι
580 3463 763 3549 ὃιχοτόμου,
796 3462 856 3527 lloc
888 3461 991 3541 ipsum
1023 3460 1091 3526 fere
1122 3462 1163 3528 ad
1191 3462 1325 3528 Verbum

151 3571 311 3638 consentit
342 3589 412 3637 cum
445 3571 538 3655 signo
566 3572 701 3652 quodam
729 3578 898 3639 ventorum
926 3578 958 3657 (ξ
987 3574 1042 3658 27)
1070 3578 1134 3645 ὲοὲν
1161 3578 1190 3644 d'
1219 3575 1324 3666 ὀρθός

151 3697 208 3753 καὶ
231 3689 275 3775 μή
300 3689 409 3764 καλοῖς
433 3687 656 3773 ἐγκεκλιμένος
678 3699 773 3777 μέχρι
795 3689 950 3777 τετράδος
973 3699 1030 3755 καὶ
1054 3686 1206 3768 εὔκυκλος
1222 3693 1326 3755 εἴωθε

150 3800 320 3885 χειμάζειν
336 3809 430 3887 μέχρι
447 3800 648 3886 διχομηνίας.
686 3796 753 3862 Ubi
767 3797 839 3862 luce
854 3796 973 3863 clarius
996 3802 1047 3862 esi
1069 3817 1140 3864 tum
1155 3802 1325 3878 utrumque

153 3908 258 3974 locum
292 3925 333 3972 ex
364 3906 473 3972 eodem
505 3907 595 3973 fonte
627 3908 817 3989 profluxisse
847 3913 917 3975 tum
943 3908 1050 3990 priore
1077 3909 1147 3975 loco
1179 3915 1325 3975 nostrum

151 4017 355 4100 tempestatis
381 4019 623 4102 prognosticum
651 4039 722 4087 cum
746 4019 864 4086 eisdem
887 4022 982 4086 rebus
1010 4039 1080 4087 esse
1112 4021 1324 4100 coniunctum,

153 4131 339 4213 quibuscum
362 4131 395 4196 in
419 4131 557 4214 genuino
573 4132 666 4212 libro,
690 4133 774 4198 unde
788 4131 897 4198 bausit
917 4132 1117 4214 compilator,
1141 4133 1324 4215 copulatum

152 4249 232 4309 erat.
279 4242 393 4325 Neque
425 4242 494 4309 ulla
521 4243 588 4309 alia
615 4262 713 4309 causa
744 4243 917 4324 invenitur,
951 4264 1008 4310 cur
1038 4244 1125 4310 inter
1156 4250 1325 4311 ventorum

151 4354 245 4439 signa
267 4355 471 4437 tempestatis
494 4356 700 4440 prognostico
724 4357 828 4425 locum
843 4357 967 4424 dederit
983 4358 1183 4439 compilator.
1218 4358 1326 4425 Tanta
1403 4434 1407 4440 Ι
