2948 5160
622 579 842 640 -33-

152 774 249 857 plices
265 779 488 856 excerptorum
504 777 686 839 nostrorum
702 773 845 840 rationes
861 793 896 840 se
910 794 975 840 non
990 773 1142 840 tenuisse.
1155 778 1177 859 ¹)
1213 774 1324 857 Atque

150 887 295 968 proiecto
319 905 398 952 cum·
406 885 565 955 Varronis
587 890 656 951 tum
671 885 784 968 Figuli
806 885 961 951 mentioni
982 886 1053 952 ideo
1077 891 1203 953 tantum
1218 888 1323 954 locum

149 997 234 1076 dedi,
267 1002 304 1063 ut
325 997 412 1066 viam
442 997 598 1063 munirem
615 998 671 1062 ad
693 997 877 1079 Vergilium
904 1003 936 1062 et
964 997 1116 1064 Plinium.
1162 999 1218 1065 Ad
1245 1018 1324 1080 quos

151 1116 324 1190 antequam
340 1108 535 1187 accedamus
559 1109 749 1174 monendum
769 1115 819 1174 est
834 1110 1016 1176 Varronem
1031 1109 1208 1175 Ataciuum
1230 1112 1325 1177 hexa-

152 1226 256 1286 metro
277 1239 373 1287 versu
390 1219 569 1286 condidisse
589 1219 790 1302 ephemerida
812 1240 876 1301 qua
895 1220 994 1286 Arati
1010 1220 1198 1287 Diosemeas
1220 1221 1323 1288 latino

155 1351 298 1398 sermone
323 1332 489 1414 eleganter
515 1350 585 1397 esse
612 1331 755 1397 redditas
786 1332 910 1397 duobus
942 1333 1096 1414 exemplis
1124 1334 1324 1419 probatur.²)

260 1443 425 1527 Vergilius
462 1442 546 1509 unde
581 1442 818 1508 multitudinem
857 1442 1022 1524 signorum
1060 1444 1222 1525 petiverit,
1261 1445 1324 1510 duo

154 1555 328 1638 scriptores
359 1561 504 1621 narrant.
552 1554 739 1621 Macrobius
771 1555 824 1636 (V.
855 1556 885 1632 2,
913 1555 947 1639 4)
977 1555 1107 1638 „Vulgo
1139 1560 1217 1621 nota
1249 1564 1325 1621 suut

149 1667 235 1748 quod
251 1666 416 1750 Virgilius
433 1719 439 1730 .
459 1718 466 1731 .
485 1718 491 1731 .
508 1665 542 1732 in
564 1665 644 1748 ipsis
662 1665 833 1748 Georgicis
855 1667 1059 1747 tempestatis
1075 1666 1325 1748 serenitatisque

147 1778 242 1862 signa
273 1779 314 1844 de
340 1776 442 1844 Arati
464 1777 698 1843 Phaenomenis
725 1777 885 1843 traxerit*
919 1785 952 1842 et
978 1777 1106 1843 Plinius
1139 1783 1216 1861 (nat.
1247 1777 1323 1844 hist.

147 1890 278 1958 XVIII
310 1897 331 1975 ξ
359 1890 438 1974 321)
472 1908 628 1970 „namque
655 1889 823 1971 Vergilius
856 1889 952 1954 etiam
984 1889 1017 1954 in
1049 1896 1196 1955 numeros
1229 1891 1325 1955 lunae

147 2002 325 2085 digerenda
351 2001 506 2083 quaedam
533 2001 662 2082 putavit
685 2000 864 2067 Democriti
887 2007 1016 2066 secutus
1044 2001 1323 2066 ostentationem.“

150 2112 225 2196 Qua
244 2118 353 2178 autem
371 2113 497 2178 ratione
516 2112 660 2178 fontibus
683 2131 760 2179 usus
784 2112 828 2177 sit
843 2112 1010 2195 Vergilius
1038 2113 1180 2194 explicat
1196 2112 1324 2179 Gellius

153 2224 224 2306 (IX
240 2226 270 2302 9,
295 2225 327 2308 3)
352 2224 450 2304 „scite
473 2233 506 2290 et
530 2223 730 2290 considerate
745 2223 924 2306 Vergilius,
949 2244 1020 2290 cum
1043 2231 1100 2290 aut
1115 2224 1250 2290 Homeri
1266 2230 1324 2290 aut

154 2335 289 2400 Hesiodi
395 2341 453 2401 aut
479 2336 677 2417 quorundam
705 2335 842 2400 aliorum
870 2336 958 2401 locos
987 2336 1166 2419 effingeret,
1199 2342 1324 2417 partem

153 2444 291 2533 reliquit,
314 2445 380 2512 alia
402 2447 592 2529 expressit.“
630 2445 695 2531 Qui
717 2467 792 2513 num
807 2466 886 2513 vera
901 2447 993 2540 nobis
1013 2446 1215 2528 tradiderint,
1240 2467 1324 2514 nunc

152 2556 323 2623 videamus.
374 2559 486 2640 Atque
517 2579 581 2624 non
613 2560 716 2624 solum
748 2558 920 2624 secundum
953 2560 1099 2625 effectum
1132 2565 1169 2624 ut
1196 2561 1324 2625 Aratus

150 2668 256 2734 omnia
287 2669 391 2754 signa,
428 2671 572 2752 exceptis
603 2672 699 2736 lunae
731 2677 764 2736 et
796 2671 874 2736 solis
906 2671 1132 2754 prognosticis,
1165 2671 1324 2752 disposuit

150 2780 328 2864 Vergilius,
357 2783 413 2848 sed
440 2782 570 2866 singula
597 2783 695 2848 etiam
722 2801 843 2866 genera
870 2782 979 2848 eodem
1002 2783 1114 2848 ordine
1136 2782 1322 2863 collocavit;

146 2892 261 2958 hiemis
275 2912 354 2960 vero
370 2895 423 2960 vel
444 2893 649 2976 tempestatis
672 2894 766 2977 signa
789 2893 869 2959 scite
892 2901 925 2959 et
945 2895 1146 2960 considerate
1169 2901 1218 2977 (ut
1235 2894 1324 2961 Gelli

147 3005 256 3070 verbis
288 3010 375 3091 utar)
413 3005 591 3086 praeteriit,
629 3025 711 3086 quae
747 3012 854 3071 autem
887 3007 983 3072 lunae
1014 3009 1112 3087 atque
1144 3006 1222 3072 solis
1254 3026 1325 3088 pro·

152 3115 297 3197 gnostica
319 3116 353 3182 in
375 3116 468 3182 initio
492 3117 737 3182 Diosemearum
759 3117 862 3183 tradit
885 3119 1021 3197 Aratus
1045 3137 1084 3183 ea
1107 3117 1268 3201 Virgilius
1290 3117 1324 3183 in

151 3225 211 3292 fine
237 3227 339 3294 totius
367 3227 430 3294 loci
457 3229 630 3296 subnexuit
660 3230 781 3294 aluna
809 3229 850 3294 ad
873 3229 972 3295 solem
1000 3229 1172 3311 profectus.
1189 3236 1214 3313 ³)
1260 3229 1324 3296 Sed

256 3409 274 3471 ¹)
295 3405 431 3460 Conleras
444 3408 540 3471 velim,
560 3424 631 3475 quae
652 3408 881 3460 Waclismuthius
901 3407 927 3459 in
949 3407 1181 3476 „prolegomenis
1206 3407 1233 3459 in
1252 3408 1323 3475 Lydi

148 3493 253 3546 librum
279 3493 313 3544 de
335 3495 453 3546 ostentis
479 3511 504 3559 p.
529 3494 640 3546 xxiv*
670 3493 779 3560 Nigidio
806 3493 957 3546 vindicarit
981 3510 1016 3545 ex
1037 3493 1105 3561 Lydi
1131 3495 1322 3558 enarratione3

149 3580 257 3632 scilicet
275 3597 302 3648 p.
325 3579 366 3642 18,
393 3579 437 3630 1-9
456 3580 590 3648 disputat,
616 3596 687 3648 quae
706 3581 778 3631 ratio
804 3579 956 3632 intercedat
978 3581 1050 3632 inter
1074 3579 1142 3631 solis
1168 3580 1322 3632 deficientis

151 3665 263 3718 colores
277 3672 304 3717 et
316 3664 412 3718 stellas
426 3672 561 3723 errantes,
582 3683 610 3734 p.
624 3667 667 3731 24,
683 3665 769 3730 12-25,
784 3666 817 3717 19
829 3664 896 3732 quid
916 3664 1012 3718 stellae
1031 3665 1146 3718 crinitae
1165 3665 1324 3733 significent

149 3767 214 3803 cum
240 3751 360 3820 singulis
385 3753 544 3804 errantibus
575 3752 756 3816 coniunctae3
787 3753 883 3804 confer
913 3753 996 3803 etiam
1023 3767 1046 3803 c.
1071 3751 1150 3804 27-38
1175 3750 1323 3825 ἐφήμερον

147 3847 383 3912 βροντοσκοπίαν
402 3836 533 3903 τοπικήν.

251 3925 274 3988 ²)
300 3922 413 3975 Servius
439 3922 474 3974 ad
492 3923 589 3988 Virgil.
612 3923 713 3990 Georg.
735 3924 828 3975 1373:
855 3922 899 3974 hic
924 3923 1002 3975 locus
1027 3925 1119 3976 omnis
1145 3924 1178 3975 de
1198 3923 1323 3976 Varrone

149 4014 201 4061 est.
239 4009 287 4061 Ille
307 4009 379 4060 enim
400 4011 454 4062 etc:
482 4009 575 4075 „Tum
595 4010 676 4061 liceat
695 4009 788 4078 pelagi
806 4010 937 4062 volucres
956 4009 1108 4078 tardaeque
1127 4008 1238 4075 paludis
1258 4008 1323 4060 Cer-

149 4111 215 4146 nere
234 4095 376 4162 inexpleto
395 4096 491 4149 studio
510 4102 616 4148 certare
635 4095 763 4147 lavandi:
790 4096 825 4148 Et
843 4096 919 4148 velut
940 4095 1086 4148 insolitum
1112 4093 1211 4164 pennis
1231 4093 1323 4146 inlun-

149 4180 215 4233 dere
234 4197 340 4234 rorem:
366 4184 424 4234 Aut
448 4189 546 4251 arguta
571 4183 649 4234 lacus
669 4182 905 4235 circumvolitavit
923 4182 1079 4234 lrirundo.“
1110 4180 1234 4246 (Quibus
1259 4197 1321 4232 cum

146 4268 279 4321 conseras
292 4269 370 4321 Aret.
385 4269 491 4332 eea-45)
512 4269 569 4335 „Et
587 4269 639 4321 bos
653 4270 813 4337 suspiciens
827 4269 936 4321 coelum
955 4268 1099 4333 (mirabile
1112 4269 1187 4330 visu)
1200 4266 1322 4319 Naribus

149 4355 256 4406 aerium
282 4355 386 4422 patulIs
414 4355 555 4424 decerpsit
577 4355 704 4420 odorem,
731 4354 788 4406 Nec
806 4354 899 4407 tenuis
924 4353 1042 4406 formica
1061 4355 1136 4405 cavis
1156 4370 1210 4406 nou
1231 4352 1324 4404 evehit

149 4457 212 4492 ova.
234 4441 414 4508 (quibuscum
434 4442 578 4510 conspirat
597 4445 674 4493 Arat.
695 4459 720 4493 v.
741 4442 858 4503 eol-57.)

252 4529 274 4590 ³)
293 4526 387 4578 Habes
407 4528 481 4578 venti
500 4529 593 4592 signa:
615 4529 692 4578 Arat.
713 4544 739 4578 v.
760 4526 890 4580 eoa-932
909 4556 940 4564 —
959 4527 1041 4592 Verg.
1064 4527 1158 4594 Georg
1177 4526 1188 4577 l
1208 4527 1323 4578 aaa-369

319 4611 477 4681 pluviarum
532 4652 551 4678 ῃ
648 4654 667 4676 „
713 4631 738 4664 v.
759 4613 889 4665 933-985
908 4643 939 4650 ·-
1001 4655 1019 4678 „
1110 4655 1128 4679 Ἡ
1209 4613 1325 4664 auo-392

319 4697 477 4752 serenitatIs
531 4739 550 4764 a
647 4740 666 4764 ‚,
713 4717 738 4750 v.
760 4699 889 4751 aaa-1012
910 4728 940 4736 -
1003 4740 1021 4762 „
1111 4741 1130 4765 „
1209 4699 1323 4752 393·423

1104 4803 1122 4856 3
