2948 5160
623 574 846 661 „31ss

147 792 330 875 conscripta
346 790 386 858 de
400 790 554 859 mensium
569 791 750 859 nominibus
766 792 949 874 disputasse
963 793 1144 863 Varronem
1160 793 1321 864 Prisciani

146 904 332 971 testimonio
356 905 511 986 probatur
533 908 715 988 (grammat.
737 906 795 971 lat.
816 904 864 970 ed.
881 904 961 971 Keil
981 907 1020 970 II
1034 905 1184 972 Priscian
1199 906 1260 986 VI,
1279 908 1320 971 72

147 1017 196 1083 ed.
230 1018 351 1101 Hertz)
386 1016 513 1096 „Varro
545 1014 579 1081 in
611 1016 824 1098 ephemeride:
858 1021 971 1098 postea
1002 1017 1132 1083 honoris
1164 1018 1320 1085 virtutum

135 1148 248 1195 causa
275 1127 354 1194 Iulii
381 1126 539 1208 Caesaris,
572 1127 627 1209 qui
658 1127 764 1194 fastus
796 1129 950 1213 porrexit,
983 1129 1101 1195 mensis
1134 1129 1240 1195 Iulius
1272 1136 1322 1196 est

144 1235 354 1321 'appellatus‘
382 1239 471 1305 cuins
498 1239 775 1306 commentationis
802 1240 1018 1324 fragmentum
1051 1242 1204 1307 habemus
1236 1243 1322 1323 apud

153 1351 361 1419 Censorinum
397 1352 439 1436 (d.
468 1350 498 1416 d.
531 1351 635 1416 natali
662 1371 687 1418 c.
718 1353 770 1432 22,
807 1355 900 1418 10-17
935 1354 982 1420 ed.
1013 1334 1178 1438 Hultsch)‚
1215 1353 1323 1435 ibique

151 1464 323 1530 verisimile
345 1444 644 1544 est'tempestatum
668 1464 862 1530 mutationes
885 1483 955 1530 cum
979 1465 1104 1531 ortibus
1127 1464 1266 1530 siderum
1290 1468 1323 1528 et

150 1576 314 1642 occasibus
326 1575 514 1642 coniunctas
528 1575 629 1640 fuisse
643 1574 748 1641 instar
759 1577 1011 1660 parapegmatIs.
1023 1578 1045 1661 ¹)
1077 1575 1321 1658 Ephemeridem
1416 1630 1419 1635 .

147 1689 295 1754 navalem
327 1688 368 1754 de
399 1691 627 1768 tempestatum
660 1687 762 1771 sIgnis
793 1689 894 1754 fuisse
926 1694 959 1757 et
988 1708 1029 1754 ex
1055 1687 1189 1771 Vegetii
1215 1687 1323 1754 verbis

146 1806 282 1881 apparet
314 1805 349 1865 et
376 1818 417 1865 ex
443 1799 617 1866 Itinerario
646 1800 828 1866 Alexandri
859 1800 976 1884 Magni
1007 1822 1032 1866 c.
1063 1790 1097 1866 6:
1134 1801 1263 1883 „IgItur
1295 1799 1324 1864 si

146 1911 320 1977 Terentius
335 1912 445 1981 Varro
462 1910 575 1977 Gnaeo
591 1912 743 1994 Pompeio
767 1913 842 1978 olim
866 1933 924 1995 per
943 1910 1121 1994 Hispanias
1144 1912 1323 1977 militaturo

147 2023 268 2089 librum
283 2023 383 2089 'illum
405 2023 635 2105 Ephemeridos
659 2027 718 2091 sub
746 2024 873 2092 nomine
900 2025 1072 2104 laboravit,
1101 2030 1138 2091 ut
1164 2024 1324 2090 inhabiles

149 2154 202 2200 res
226 2135 330 2200 eidem
352 2135 536 2219 ingressuro
560 2136 642 2202 scire
665 2142 751 2202 esset
773 2157 813 2203 ex
836 2136 926 2203 facili
949 2136 1190 2203 inclinationem
1213 2136 1325 2203 oceani

152 2253 249 2328 atque
274 2266 380 2313 omnes
409 2247 549 2329 reliquos
576 2256 681 2314 motus
712 2249 818 2315 aerIos
849 2249 1082 2332 praescientiae
1109 2249 1171 2315 fide
1198 2253 1324 2331 peteret

153 2364 210 2424 aut
225 2359 435 2426 declinaret“:
460 2361 519 2444 (ed.
537 2359 644 2426 Dietr.
660 2361 856 2440 Volkmann,
873 2352 1197 2445 prongohulpfort.
1217 2362 1323 2445 1871).

152 2471 239 2537 Huic
266 2470 368 2555 igitur
390 2471 585 2554 ephemeridi
612 2472 722 2539 navali
745 2473 937 2540 vindicanda
961 2492 1031 2539 esse
1053 2473 1213 2554 videntur,
1243 2493 1324 2555 quae
1360 2485 1362 2489 '

150 2584 209 2648 sub
241 2584 400 2651 Varronis
432 2584 559 2650 nonum
591 2590 819 2666 tempestatum
850 2587 945 2669 signa
977 2586 1133 2651 feruntur.
1179 2586 1323 2651 Primum

148 2694 323 2762 frustulum
354 2697 507 2762 habemus
542 2696 628 2762 inter
660 2697 782 2763 scholia
815 2696 1001 2764 Germanici
1032 2697 1225 2765 Strozziana
1262 2698 1322 2782 (ed.

147 2807 290 2891 Breysig
320 2828 350 2890 p.
383 2811 455 2889 194,
490 2810 542 2893 14)
585 2807 641 2888 „si
671 2809 817 2874 exoriens
856 2828 1015 2876 concavus
1050 2810 1123 2894 (sol)
1154 2808 1202 2874 ita
1236 2814 1273 2875 ut
1307 2828 1325 2875 c

146 2920 251 2985 medio
279 2919 406 3003 fulgeat
433 2926 466 2986 et
493 2919 601 2985 radios
633 2920 735 2991 faciat
765 2922 884 3003 partlm
916 2922 957 2986 ad
994 2920 1175 3002 aquilonem
1206 2919 1324 3002 partim

151 3032 192 3096 ad
228 3037 384 3112 austrum,
428 3036 654 3113 tempestatem
696 3033 857 3098 humidam
896 3039 929 3099 et
967 3041 1133 3100 ventosam
1171 3033 1324 3112 futuram,

152 3141 226 3208 item
254 3144 283 3208 si
311 3142 369 3225 sol,
398 3143 512 3225 inquit,
541 3145 574 3210 In
603 3162 719 3210 occasu
746 3163 803 3210 suo
831 3146 956 3224 rubeat,
986 3144 1129 3210 sincerus
1157 3144 1225 3210 dies
1253 3144 1325 3224 erit,

153 3253 180 3319 si
202 3255 325 3336 palleat
347 3260 572 3337 tempestatem
596 3256 789 3340 siguificat‘.
839 3255 931 3341 Quae
953 3258 1054 3323 verba
1082 3256 1167 3322 harad
1194 3255 1260 3323 scio
1284 3276 1326 3321 an

151 3365 192 3431 ad
218 3367 319 3432 Arati
346 3369 526 3449 exemplum
553 3368 752 3435 conformata
780 3368 859 3450 sint;
893 3368 983 3450 prfus
1011 3367 1095 3434 enim
1122 3367 1327 3433 enunciatum

150 3478 259 3544 soluta
282 3478 427 3545 oratione
450 3480 567 3565 reddit,
591 3500 672 3561 quae
692 3480 818 3545 Aratus
842 3480 934 3545 docet
956 3498 987 3547 v.
1010 3481 1140 3559 82831,
1164 3480 1326 3562 posterius

150 3608 238 3670 vero,
266 3591 350 3672 quod
376 3578 500 3658 frustra
526 3591 613 3657 inter
639 3598 791 3674 excerpta
814 3592 992 3672 quaeretis,
1021 3591 1063 3657 ad
1086 3591 1186 3657 Arati
1212 3611 1326 3658 versus

152 3702 273 3767 85885
296 3705 467 3789 spectat2)
501 3704 654 3770 Alterum
669 3704 885 3788 fragmentum
901 3703 1029 3769 Plinius
1052 3703 1144 3769 nobis
1168 3704 1326 3771 servavit:

150 3812 306 3880 nat-hist.
335 3816 465 3884 XVIII
492 3836 517 3882 c.
549 3818 601 3886 79.
648 3814 742 3900 Quod
769 3815 896 3896 quidem
922 3821 1101 3896 temporum
1129 3815 1247 3880 iniuria
1270 3822 1328 3881 aut

150 3924 254 3991 Plinii
285 3927 492 4010 neglegentia
523 3927 661 3993 maxime
693 3928 904 4009 depravatum
941 3932 1038 4008 atque
1070 3929 1236 3993 turbatum
1267 3931 1326 3993 est.

261 4089 282 4152 ¹)
301 4087 366 4142 Joh.
387 4088 482 4157 Lydus
506 4089 539 4141 de
567 4088 684 4142 ostentis
710 4089 754 4142 ed.
775 4088 806 4142 C.
827 4089 1011 4142 Wachsmuth
1031 4105 1054 4140 c.
1074 4089 1116 4140 71.
1153 4087 1280 4164 Βάρρων
1299 4109 1327 4144 τε

154 4172 168 4228 ὁ
187 4173 330 4248 Ῥωμαῖος
349 4179 477 4250 ...περὶ
496 4183 543 4242 τῆς
563 4179 710 4251 ἐφημέρου
724 4177 781 4231 τῶν
795 4184 986 4250 φαινομένων
1000 4179 1128 4242 ἐπιπολῆς
1147 4196 1176 4229 τε
1195 4180 1243 4230 καὶ
1259 4179 1329 4230 δνσ-

151 4267 217 4335 μαῖν
231 4274 237 4288 ·
251 4266 334 4329 atque
358 4263 394 4313 cf.
416 4261 449 4312 de
474 4260 617 4314 mensibus
637 4262 674 4312 IV
697 4278 725 4329 p.
746 4263 779 4315 ta
804 4262 848 4314 ed.
869 4262 989 4325 Belrlrerq
1016 4278 1042 4330 p.
1063 4260 1106 4324 71,
1126 4261 1169 4326 74,
1188 4261 1231 4327 87,
1251 4261 1284 4312 88
1303 4266 1330 4313 et

153 4361 226 4414 quse
246 4347 301 4398 alia
319 4347 459 4416 Bergkius
479 4349 623 4416 congessit
643 4350 728 4414 (mus.¹
748 4348 826 4401 rhen.
846 4348 858 4399 l
878 4366 907 4418 p.
927 4348 999 4414 371).

255 4436 277 4497 ²)
304 4434 411 4486 Eadem
433 4433 520 4486 verba
544 4434 676 4487 Varronis
702 4435 852 4486 laudantur
879 4435 912 4486 ab
937 4433 1048 4486 Isidoro
1073 4432 1265 4501 Hispalicnsi:
1295 4434 1328 4485 de

152 4526 209 4573 nat.
228 4534 282 4571 rer.
297 4519 449 4586 XXXVIII,
469 4522 494 4585 4,
516 4522 563 4573 ubi
576 4521 713 4574 accedunt
724 4519 866 4573 XXXVIII
877 4521 902 4572 2.
932 4519 1024 4585 „Item
1038 4519 1124 4573 Varro
1139 4519 1206 4572 dicit
1218 4521 1328 4585 signum

153 4621 217 4659 esse
239 4609 426 4675 tempestatis,
453 4606 520 4658 dum
545 4607 579 4659 de
602 4614 680 4674 parte
705 4603 846 4674 aquilonis
872 4605 963 4673 fulget
986 4611 1013 4658 et
1036 4606 1103 4657 dum
1122 4605 1155 4657 de
1174 4611 1252 4671 parte
1271 4607 1330 4656 euri

151 4693 298 4745 intonat.“
318 4693 362 4746 ed.
384 4692 416 4746 Gr.
437 4693 554 4746 Becker.
