2948 5160
333 52 337 60 .

596 547 816 611 -47-

227 746 364 811 Praeter
394 745 474 810 haec
505 742 571 809 tria
602 743 710 825 capita
742 743 840 809 etiam
867 742 900 808 in
928 742 1093 809 undecimo
1122 746 1294 809 occurrunt

120 857 339 941 prognostica,
372 875 506 938 quorum
537 855 674 936 primum
703 856 829 942 ἄνεμον
856 858 894 923 δὲ
921 859 1102 947 αρομηνύει
1129 857 1293 922 θάλασσα

120 983 326 1058 κνμαίνονσα
359 980 417 1037 καῖ
449 972 507 1036 ἐπὶ
534 985 599 1047 τοῖς
631 970 794 1053 αἰγιαλοῖς
827 970 958 1053 μεγοέλα
987 967 1115 1056 η’χοῦσοι
1143 978 1201 1034 καῖ
1228 971 1296 1035 τῶν

121 1081 211 1174 ὅριῖν
246 1088 283 1150 αἱ
321 1079 422 1172 ἄκραι
458 1087 614 1169 καθαραὶ
642 1073 741 1148 οὖσαι
782 1095 972 1158 quamquam
1012 1077 1140 1144 Gemoll
1181 1076 1296 1142 maluit

122 1208 310 1273 comparare
332 1209 402 1256 cum
427 1194 567 1271 excerpt.
592 1195 612 1273 ξ
636 1190 688 1268 99,
718 1189 837 1270 optime
860 1189 960 1257 Arati
982 1190 1129 1257 versibus
1153 1190 1295 1255 ooo-912

119 1302 301 1384 respondet,
334 1302 506 1368 secundum
538 1314 596 1370 καλ
629 1303 787 1371 ἄκανθαι
815 1315 872 1371 καὶ
901 1305 983 1393 ξηροὶ
1007 1301 1123 1391 {odida
1156 1306 1295 1372 ἐναντία

119 1417 187 1486 διεδ
217 1416 353 1503 α’νεμον
380 1417 566 1502 ελλοίμινα,
594 1432 785 1494 quamquam
812 1412 917 1478 simile
944 1418 994 1478 est
1021 1413 1123 1478 Arati
1149 1411 1297 1481 versibus

120 1528 241 1593 orl-23
258 1531 292 1592 et
308 1531 449 1608 excerpt.
467 1532 488 1609 ξ
504 1527 557 1606 37,
581 1531 690 1591 tamen
706 1526 747 1591 ad
762 1530 912 1591 neutrum
927 1525 1024 1605 redit;
1050 1543 1121 1590 cum
1137 1525 1297 1605 excerptis

118 1639 155 1704 id
177 1639 275 1705 etiam
298 1657 463 1704 commune
485 1639 593 1718 habet,
622 1639 706 1719 quod
733 1637 893 1720 excipitur
919 1636 1125 1720 prognostico
1149 1656 1169 1701 a
1192 1635 1297 1701 stellis

119 1750 375 1817 discurrentibus
391 1749 502 1832 petito.
536 1750 682 1817 Tertium
697 1750 938 1834 prognosticum
953 1759 1091 1841 βρονταὶ
1107 1762 1164 1817 καὶ
1181 1749 1298 1839 α’στρα·

119 1876 185 1935 παλ
207 1846 328 1953 θέρους
351 1863 437 1933 ὅθεν
460 1877 624 1954 φέρονται,
649 1869 780 1934 ἐκεῖθεν
797 1865 921 1950 όὶνεμον
941 1864 1110 1950 προσδόκα
1135 1879 1175 1926 ex
1198 1858 1298 1925 Arati

120 1973 269 2044 versibus
292 1975 412 2040 orl-25
435 1975 567 2041 fluxisse
587 1974 724 2055 videtur,
749 1975 835 2055 apud
857 1993 950 2055 quem
966 1972 1063 2039 etiam
1087 1973 1220 2063 οἶσιερες
1237 1975 1295 2040 διδ

124 2089 230 2156 νύκτα
253 2092 415 2174 μέλαιναν
438 2088 607 2168 οἶισσονιες
629 2092 815 2168 sequuntur,
840 2087 897 2152 sed
920 2084 1067 2151 ultimum
1089 2083 1197 2149 hocin
1214 2082 1296 2149 Geo-

127 2195 250 2276 ponicis
264 2196 428 2264 stellarum
444 2198 691 2265 discurrentium
706 2197 948 2282 prognosticum
963 2215 1065 2277 neque
1080 2195 1180 2261 Arati
1195 2213 1297 2276 neque

131 2309 320 2389 excerptoris
351 2313 451 2378 verba
483 2311 616 2376 reddere
648 2310 785 2378 videtur.
837 2308 1053 2392 Prognostica
1084 2307 1187 2390 igitur
1217 2308 1297 2371 haec

128 2437 312 2501 quamquam
335 2441 437 2504 neque
461 2441 501 2487 ex
521 2423 622 2488 Arati
645 2423 786 2489 carmine
808 2441 911 2503 neque
933 2440 974 2486 ex
996 2420 1156 2501 excerptis
1180 2419 1297 2483 hausta

124 2536 206 2611 sunt,
239 2537 348 2599 tamen
375 2541 443 2599 tam
470 2553 569 2616 prope
597 2535 638 2600 ad
661 2554 770 2600 eorum
797 2533 1038 2600 similitudinem
1065 2530 1231 2609 accedunt,
1260 2534 1297 2594 ut

120 2660 160 2707 ex
183 2645 341 2711 communi
363 2645 493 2712 illorum
516 2646 605 2712 fonte
632 2665 781 2712 manasse
802 2645 983 2725 videantur,
1011 2641 1203 2726 praesertim
1225 2660 1296 2707 cum

121 2858 314 2934 (πθπλόρωται
331 2860 388 2938 γάρ
408 2862 440 2917 ιδ
458 2870 613 2931 τηνικαῦτα
627 2863 746 2938 φωτός),
766 2863 913 2929 adipsum
930 2876 998 2913 vero
1016 2861 1097 2912 Arati
1115 2874 1229 2910 versum
1246 2857 1296 2908 807

121 2944 282 3020 διχότομον
301 2952 408 2999 tantum
427 2949 522 3001 lunam
542 2955 777 3016 commemorant3
799 2949 956 3025 διχόμηνος
974 2952 1120 3017 praeterea
1137 2946 1165 2995 in
1180 2941 1296 2996 scholiis

118 3046 175 3083 non
200 3038 297 3083 extare
319 3033 439 3088 videtur.
481 3036 599 3088 Accedit
626 3036 701 3104 quod
727 3051 799 3104 quae
824 3040 980 3103 sequuntur
1003 3032 1077 3101 apud
1102 3028 1295 3097 Geoponicum

119 3115 224 3182 optime
244 3118 395 3172 concinunt
418 3138 481 3173 cnm
500 3124 663 3187 vers11804‚
689 3121 793 3175 similia
810 3137 877 3174 vero
901 3122 929 3172 in
950 3117 1065 3172 scholiis
1085 3115 1294 3169 desiderantur:

121 3200 210 3268 Geop.
232 3207 415 3281 ε’ροδροτέρα
436 3211 467 3264 δὲ
488 3207 559 3265 οὖσα
579 3209 688 3285 ἄνεμον
702 3220 858 3284 opperiret·
872 3209 923 3264 ἐόν
942 3231 969 3263 τι
981 3200 1196 3281 μελαινόμενον
1215 3197 1297 3268 αὐτῆς

122 3297 209 3362 φανῇ,
230 3292 316 3347 οὲτόν
336 3296 419 3360 δηλοῖ
438 3300 464 3346 et
483 3295 561 3348 Arai.
581 3314 607 3348 v,
627 3297 679 3348 804
693 3295 816 3354 ’.σλλοθι
835 3295 861 3351 δ’
878 3293 946 3351 ἄλλα
962 3298 1158 3367 μελαινομίνῃ
1179 3294 1297 3345 δοκέειν

120 3372 229 3431 diseio.
267 3377 423 3446 Geoponici
441 3381 528 3433 verba
547 3381 599 3437 εἰὶν
620 3387 650 3438 δὲ
671 3387 739 3459 περὶ
759 3390 854 3440 πᾶσαν
880 3381 932 3447 την
952 3379 1071 3446 σελήνην
1091 3376 1200 3439 όλωνες
1221 3375 1306 3442 δόοη

120 3469 200 3535 τρεῖς
213 3464 283 3529 ω’σι,
296 3473 439 3538 μέγιστον
448 3476 583 3543 χειμῶνα
597 3474 716 3525 ἔσεσθαι
730 3473 845 3538 δηλοῦσι
857 3471 905 3523 καὶ
918 3466 1042 3541 μάλιστα
1053 3470 1083 3519 εἰ
1093 3462 1297 3539 μελαινότεραι

119 3545 284 3625 ὑπάρχουσι
303 3553 363 3603 sine
382 3551 469 3606 dubio
490 3555 524 3606 ad
542 3555 623 3607 Arati
641 3571 740 3608 versus
758 3554 854 3607 811-17
872 3552 1021 3606 reserenda
1040 3557 1120 3618 sunt3
1145 3551 1194 3602 ubi
1212 3549 1296 3601 habe·

124 3649 186 3686 mus
212 3641 238 3691 si
258 3640 291 3692 δέ
309 3647 344 3694 κέ
361 3663 414 3714 μιν
432 3647 499 3717 περὶ
518 3649 612 3699 πᾶσαν
637 3642 855 3697 diurni...on
879 3645 989 3716 μᾶλλον
1006 3644 1177 3716 μελανεῡσα,
1203 3640 1295 3687 tamen

124 3719 233 3774 Gemoll
247 3723 281 3774 nd
295 3724 404 3778 scholia
416 3729 502 3780 refert
514 3745 542 3796 p.
555 3727 613 3794 199Ὶ
627 3728 661 3780 98
671 3745 721 3794 οε,
736 3727 785 3781 nbi
799 3742 889 3794 neque
901 3727 988 3778 verba
1001 3724 1104 3778 similia
1116 3721 1296 3776 inveniuntur

123 3812 151 3856 et
167 3806 212 3858 vel
237 3816 369 3876 quattuor
393 3815 563 3866 circulorum
582 3813 686 3866 mentio
710 3816 748 3868 fit.
788 3813 875 3882 Geop.
896 3814 997 3865 verba:
1024 3810 1075 3870 ἐάν
1096 3831 1164 3868 ποτε
1186 3812 1243 3883 μὲν
1262 3811 1294 3865 ἐκ

121 3891 219 3960 νότον,
238 3900 307 3952 nors*
328 3902 359 3953 δὲ
380 3903 411 3954 ἐκ
423 3907 518 3976 βορρᾶ
531 3901 727 3964 ἐξακούονται
747 3907 777 3956 αἱ
793 3904 915 3973 βρονταὶ
930 3902 980 3954 καὶ
993 3905 1022 3955 αἱ
1036 3899 1178 3974 dorpanei
1192 3905 1296 3966 γίνων-

122 4000 179 4046 “lh
201 3979 308 4057 (ῗνέμος
327 3989 555 4062 ἰαενεγδῆσεται
570 4003 577 4016 ·
591 3993 633 4044 ἔτι
658 3991 689 4044 δὲ
710 3992 759 4043 καὶ
779 3987 875 4063 ὄρνεις
894 3993 924 4041 αἱ
946 3985 1104 4041 θαλάσσιαι
1127 3986 1173 4039 lul
1191 3981 1297 4042 ὕδατος

120 4075 247 4144 συνὸχώς
275 4073 433 4147 λουόμεναι
458 4082 594 4150 χειμῶνα
625 4079 765 4144 δηλοδσιν
795 4090 812 4125 a
839 4071 976 4126 Gemollio
1008 4074 1205 4136 comparantur
1232 4083 1295 4118 cnm

120 4152 209 4206 schol.
236 4172 264 4223 p.
294 4157 343 4210 135
368 4166 395 4212 et
419 4177 446 4228 p.
467 4160 527 4226 138,
552 4161 596 4225 25,
620 4177 791 4229 quamquam
815 4159 887 4212 nihil
909 4157 965 4210 illis
990 4171 1138 4210 commune
1163 4162 1214 4221 est,
1240 4155 1295 4205 nisi

120 4239 241 4316 ὄρνιθες
264 4249 291 4295 et
313 4243 427 4312 ὕδατος,
453 4247 559 4300 Aratus
584 4263 650 4299 vero
676 4249 793 4316 praebet
819 4265 845 4301 v.
870 4244 920 4299 942
945 4250 1081 4321 λιμναῖαι
1104 4241 1149 4310 ηδ’
1171 4240 1296 4298 εἰνάλιαι

119 4325 241 4400 ὄρνιθες
265 4336 348 4398 atque
371 4331 538 4385 facillimum
561 4334 713 4386 transitum
732 4334 780 4386 dat
797 4349 814 4385 a
831 4331 983 4386 tonitribus
1001 4348 1028 4384 v.
1048 4331 1098 4384 937
1115 4327 1240 4382 tractatis
1260 4326 1295 4378 ad
1315 4330 1317 4334 '

119 4430 145 4467 u.
169 4415 230 4468 942.
269 4415 438 4470 conferatur
456 4420 591 4487 deniqne:
624 4419 712 4488 Geop.
728 4420 741 4471 I
760 4420 777 4471 3
795 4423 845 4474 καὶ
861 4427 948 4495 μοῖαι
967 4423 1014 4475 ἐπὶ
1031 4423 1119 4475 πλέον
1133 4416 1296 4472 διίκνοοσοι

121 4504 171 4555 καὶ
186 4508 275 4577 χῆνές
292 4505 365 4579 μέῐᾶ
385 4511 512 4577 κλαγγῆς
530 4507 722 4581 ἐπειγόμεναι
739 4505 811 4581 πρός
830 4506 944 4580 τροφήν
968 4521 1032 4557 curn
1051 4505 1129 4556 Arat.
1154 4520 1181 4554 v,
1202 4500 1252 4553 974
1270 4504 1297 4554 εἰ

120 4591 174 4643 κέν
204 4592 251 4646 ἐπὶ
280 4595 368 4648 πλέον
399 4591 429 4659 ηἐἒ
456 4594 603 4665 πάροιθεν
631 4596 786 4651 Δόκνοισιν
812 4600 899 4659 μνῖαι
926 4597 953 4644 et
979 4609 1006 4644 v.
1038 4590 1103 4643 1021
1131 4592 1181 4644 καὶ
1204 4608 1295 4663 γηνες

117 4674 284 4746 κλαγγηδόν
303 4678 502 4752 ἐπειγόμεναι.
