2948 5160
623 223 846 287 -16-

8 436 10 445 ·
147 423 306 499 spectant,
330 417 385 483 ubi
407 417 485 487 item
506 416 593 485 inter
615 417 719 483 media
742 437 763 484 a
785 415 1044 507 quadrupedibus
1064 415 1151 483 edita
1167 415 1261 500 signa
1284 415 1325 480 de

89 508 92 513 ’
148 529 208 595 illa
231 529 432 611 oppositione
455 533 488 595 et
511 529 550 594 de
572 530 735 595 metabola
758 528 876 611 agitur.

255 639 414 725 Quoniam
450 639 581 723 singula
617 640 726 723 capita
761 641 1029 722 perlustravimus
1063 658 1148 707 nunc
1181 639 1324 705 fructum

26 816 29 829 ,
97 836 100 840 Α
147 745 396 834 comparationis
419 757 496 817 ante
518 753 628 818 oculos
650 772 815 835 ponamus
843 753 892 831 ,Ε
916 759 1070 834 quattuor
1093 751 1229 819 diversis
1252 770 1325 832 par·
1418 787 1421 791 .

146 864 234 930 tibus
247 864 361 946 quibus
374 863 508 946 Sylloge
524 869 659 931 consuta
673 871 733 945 est,
750 864 844 930 binae
859 865 984 946 priores
1000 863 1146 929 omnibus
1162 862 1323 943 capitibus

146 995 327 1042 communes
354 981 440 1055 sunt,
468 975 563 1041 binae
590 975 794 1057 posteriores
823 968 958 1057 quarum
985 975 1085 1041 tertia
1112 992 1255 1056 quaeque
1284 974 1325 1040 de

149 1087 338 1153 sublimibus
362 1093 424 1164 est,
450 1093 567 1168 quarta
589 1106 693 1169 pauca
719 1088 859 1153 omnium
886 1106 1038 1172 generum
1066 1085 1161 1169 signa
1183 1086 1322 1167 supplet,

148 1199 181 1265 in
204 1204 319 1281 quarto
343 1199 450 1280 capite
472 1199 597 1266 desunt.
641 1199 818 1290 Praeterea
839 1200 1060 1265 demonstrare
1083 1197 1192 1264 conati
1214 1216 1324 1264 sumus

144 1311 294 1377 secundis
308 1311 509 1393 singulorum
523 1310 665 1392 capitum
675 1311 823 1392 partibus
836 1311 1008 1377 condendis
1019 1310 1138 1375 librum
1149 1309 1189 1375 de
1200 1309 1322 1390 pluviis

146 1428 179 1488 et
194 1423 300 1491 ventis
319 1421 534 1504 conscriptum
551 1440 621 1488 esse
636 1422 825 1488 adhibitum.
866 1421 970 1506 Quam
986 1421 1028 1488 ad
1043 1440 1110 1487 rem
1125 1420 1323 1501 probandam

69 1520 77 1535 ⁶
146 1555 249 1616 pauca
258 1520 356 1600 liccat
365 1535 491 1600 addere.
516 1534 597 1599 Oum
610 1533 694 1599 enim
710 1535 831 1615 passim
846 1533 941 1616 signa
953 1531 1132 1608 eommunia
1141 1537 1323 1612 occurrant,

146 1667 186 1713 ex
204 1646 344 1717 ¹ratione
376 1665 439 1726 qua
470 1645 503 1710 in
536 1645 674 1728 singulis
706 1646 865 1727 capitibus
898 1645 1031 1712 inserta,
1053 1652 1138 1727 sunt,
1177 1647 1324 1713 conicere

145 1777 323 1839 possumus,
359 1758 514 1839 quomodo
546 1776 737 1840 progressus
770 1757 813 1822 sit
846 1758 1036 1838 compilator
1069 1759 1102 1824 in
1122 1759 1218 1835 ‚libro
1251 1779 1324 1826 con·

145 1870 289 1936 ficiendo.
355 1870 465 1951 Atque
500 1871 636 1940 ὑδάτων
667 1882 725 1938 καὶ
757 1873 959 1957 πνευμάτων
991 1890 1107 1961 σημεῖα
1149 1871 1183 1936 in
1217 1871 1322 1952 primo

147 1982 252 2063 capite
279 2000 392 2048 novem
419 1980 628 2048 inveniuntur
655 1985 687 2064 (ξ
714 1982 764 2060 13,
791 1980 847 2060 14,
874 1982 924 2058 18,
952 1983 1001 2060 19,
1029 1982 1084 2062 21,
1111 1983 1163 2062 22,
1189 1984 1254 2068 23),
1288 1982 1323 2048 in

147 2094 284 2159 secundo
318 2093 424 2174 capite
455 2098 577 2173 septem
614 2098 646 2176 (ξ
675 2093 728 2171 26,
759 2093 815 2171 28,
830 2094 897 2171 29,
926 2093 978 2171 30,
1008 2095 1060 2173 32,
1090 2095 1160 2179 34);
1197 2100 1324 2184 χειμών

146 2205 232 2271 10101
255 2205 436 2286 pluviarum
459 2205 553 2286 signa
577 2202 696 2284 septies
719 2203 859 2269 occurrit
886 2211 918 2288 (ξ
945 2206 995 2283 11,
1024 2205 1078 2285 lb,
1108 2206 1162 2284 19,
1188 2208 1240 2287 21,
1265 2208 1321 2292 23)

147 2317 203 2382 sed
229 2316 277 2382 ita
304 2321 341 2383 ut
368 2315 472 2381 sexies
500 2316 610 2381 eadem
638 2335 690 2381 res
717 2322 750 2382 01
776 2316 905 2397 pluvias
932 2321 966 2382 01
992 2322 1203 2399 tempestates
1231 2337 1320 2399 prae·
1364 2376 1369 2386 .

77 2442 81 2447 '
145 2429 282 2508 nuntiet,
307 2429 405 2495 semel
427 2424 637 2508 tempestatis
654 2428 748 2493 unius
771 2427 890 2494 mentio
919 2428 986 2494 fiat.
1033 2429 1127 2494 Inter
1149 2435 1315 2497 ventorum

145 2540 240 2623 signa
262 2541 360 2606 semel
383 2545 508 2629 χειμών
531 2559 595 2605 una
618 2559 689 2606 cum
704 2540 811 2606 ventis
831 2546 1097 2623 commemoratur
1120 2546 1152 2625 (ξ
1169 2543 1233 2626 29).
1269 2542 1317 2607 At

30 2697 34 2703 -
146 2657 260 2718 contra
286 2652 320 2717 in
346 2651 444 2717 tertio
473 2651 578 2732 capite
606 2650 702 2716 simul
729 2671 800 2717 cum
822 2656 1016 2733 tempestate
1038 2652 1169 2733 pluviae
1192 2653 1319 2736 signum

145 2783 241 2830 unum
264 2764 429 2845 profertur
452 2769 483 2847 (ξ
507 2764 573 2848 39),
601 2768 770 2829 ventorum
796 2764 930 2832 nullum.
977 2765 1018 2828 In
1041 2768 1156 2844 quarto
1185 2764 1321 2845 denique

147 2876 253 2957 capite
275 2894 377 2956 neque
400 2876 439 2940 de
461 2875 581 2956 pluviis
605 2893 707 2956 neque
722 2875 761 2939 de
776 2874 883 2941 ventis
898 2892 1000 2956 neque
1016 2875 1055 2940 de
1070 2875 1320 2956 tempestatibus

147 2987 318 3068 quidquam
341 2993 442 3066 extat,
471 3005 541 3051 eum
565 2987 722 3052 serenitas
746 2986 1064 3052 commemoratorio
1087 2987 1189 3068 primo
1213 2989 1319 3070 capito

147 3105 179 3183 (ξ
196 3101 251 3184 22)
267 3104 363 3179 atque
385 3099 419 3163 in
442 3098 539 3164 tertio
564 3104 595 3182 (ξ
611 3100 676 3183 43).
714 3097 838 3181 Quibus
858 3098 937 3164 locis
954 3098 1147 3179 comparatis
1163 3100 1318 3165 neminem

146 3212 215 3275 tore
243 3229 345 3291 spero,
379 3209 430 3275 eui
458 3229 521 3275 non
549 3229 736 3290 persuasum
765 3210 818 3289 sit,
851 3211 935 3291 quod
962 3230 1060 3292 supra
1088 3211 1317 3278 contendimus

146 3323 231 3388 Nam
244 3322 326 3401 quod
339 3321 433 3403 signa
449 3322 627 3387 communia
643 3322 765 3387 duobus
781 3321 861 3388 locis
877 3321 1020 3403 exceptis
1036 3341 1098 3386 non
1110 3322 1321 3389 inveniuntur

146 3433 209 3497 nisi
231 3433 264 3498 in
288 3433 411 3498 duobus
438 3432 599 3514 prioribus
627 3434 796 3514 capitibus,
825 3435 971 3515 quodque
998 3433 1117 3513 septies
1144 3433 1177 3499 in
1204 3434 1319 3515 primo,

145 3545 243 3609 semel
270 3544 302 3610 in
330 3546 467 3611 secundo
491 3544 597 3625 capite
618 3548 822 3626 tempestatis
845 3545 972 3627 signum
1004 3545 1153 3624 occurrit,
1186 3546 1219 3610 id
1253 3545 1321 3611 alia

144 3656 270 3722 ratione
296 3657 352 3723 vix
380 3656 536 3738 explicari
562 3661 679 3737 potest,
712 3655 776 3720 nisi
807 3655 854 3721 ita
886 3664 932 3734 ut,
965 3657 1049 3722 unde
1075 3657 1258 3738 pluviarum
1286 3662 1320 3723 et

145 3774 313 3834 ventorum
337 3769 431 3851 signa
457 3767 567 3833 hausit
598 3774 776 3848 excerptor,
811 3786 850 3832 ex
874 3769 983 3833 eodem
1007 3788 1102 3849 opere
1121 3768 1218 3834 etiam
1241 3775 1320 3834 tem-

145 3880 282 3960 pestatis
305 3885 338 3945 01
361 3879 547 3945 serenitatis
570 3879 777 3969 prognostica
800 3898 871 3944 eum
895 3879 1033 3962 elegisse
1055 3900 1219 3961 ponamus.

251 3992 369 4056 Restat
385 3996 421 4057 ut
441 3991 480 4056 de
495 3991 593 4056 trium
608 3990 751 4071 priorum
766 3992 906 4072 capitum
922 3992 1154 4072 posterioribus
1170 3993 1319 4074 partibus

144 4103 351 4184 disputemus.
387 4101 545 4186 Quoniam
569 4110 665 4168 antea
681 4103 773 4168 nobis
788 4102 1005 4184 persuasimus
1025 4105 1319 4185 supplementorum

148 4213 254 4280 instar
263 4215 453 4294 illaspartes
464 4215 951 4306 esse,nuncquaerendum,undc
961 4215 1160 4296 suppleverit
1169 4216 1317 4297 scriptor.

146 4326 257 4418 Atque
279 4325 416 4406 primum
431 4325 555 4415 quidem
577 4327 733 4392 neminem
753 4326 867 4408 lugere
881 4330 998 4407 potest,
1023 4347 1094 4394 cum
1109 4327 1143 4392 in
1157 4327 1319 4409 prioribus
