2948 5160
621 222 844 285 -76-

150 423 342 483 momentum
366 416 520 498 posuisse,
549 423 656 483 tamen
679 418 711 482 id
734 417 808 483 inde
830 418 1002 497 lucramur,
1031 416 1114 498 qnod
1137 420 1326 482 1111111111

146 529 249 611 picari
279 535 406 595 tantum
439 527 567 594 licebat.
612 528 695 595 Octo
728 536 838 610 partes
869 534 981 609 aperte
1012 527 1215 609 proveniunt,
1248 533 1267 611 ξ
1303 529 1323 591 9
1397 568 1399 574 ·

146 642 292 730 οἷνατολὴ
314 653 371 710 καὶ
387 647 478 730 πρωῒ
489 653 545 709 καὶ
561 649 746 731 μεσημβρία
762 653 819 709 καὶ
844 645 932 729 δείλη
949 653 1006 709 καὶ
1024 641 1115 720 δύσις
1131 652 1189 708 καὶ
1203 642 1246 707 τοὶ
1263 644 1322 728 τῆς

147 756 262 832 νυκτός
277 766 358 841 μέρη
374 755 416 820 τοὶ
435 752 600 837 οἶνοίλογα,
625 770 705 832 quas
730 751 833 817 noctis
859 757 969 833 partes
989 749 1112 832 vigiliis
1135 755 1290 830 quattuor
1304 755 1323 832 ⁸)

148 864 365 928 Romanorum
397 863 589 942 respondere
620 863 677 929 vix
709 880 789 942 opus
816 867 867 926 est
893 863 1071 927 admonere.
1120 859 1213 945 erod
1245 879 1323 926 vero

146 975 218 1056 ipsa
240 973 334 1055 signa
357 992 488 1053 perraro
513 993 584 1039 cnm
603 973 664 1038 tali
679 973 743 1038 diei
760 971 897 1038 articulo
913 973 947 1037 in
963 971 1137 1053 Excerptis
1153 971 1324 1038 coniuncta

147 1091 235 1163 sunt,
264 1085 347 1165 quod
371 1083 497 1149 omnino
521 1084 690 1165 idipsum,
719 1085 803 1165 quod
830 1084 904 1150 huic
931 1083 1101 1165 partitioni
1124 1083 1324 1164 propositum

79 1194 82 1199 ’
150 1204 209 1275 est,
235 1196 302 1261 fere
325 1213 480 1276 nusquam
504 1196 709 1278 prognostico
732 1196 800 1261 ullo
824 1197 1059 1276 comprobatur,
1083 1194 1131 1259 ita
1154 1200 1191 1259 111
1212 1193 1326 1260 valeat

149 1329 169 1374 a
191 1306 323 1372 1111111111
346 1308 387 1372 ad
409 1306 703 1388 postmeridianum,
728 1307 780 1373 vel
804 1326 824 1370 a
846 1305 1095 1387 postmeridiano
1116 1311 1259 1386 ternpore
1283 1305 1325 1370 ad

128 1439 304 1498 ¹occasum,
333 1419 458 1485 auctori
484 1438 641 1500 anonymo
669 1438 732 1484 non
755 1437 887 1498 prorsus
910 1420 1048 1499 probata
1071 1417 1172 1483 fuisse
1194 1416 1326 1482 videtur

148 1530 360 1597 dichotomiae
382 1530 529 1595 doctrina
552 1528 730 1595 constituta
753 1532 793 1595 ab
817 1529 891 1594 alio.

255 1641 329 1725 Qua
352 1660 386 1706 re
410 1654 560 1706 concessa
582 1641 664 1705 1111111
687 1641 829 1722 impedit,
859 1641 1027 1722 quominus
1050 1646 1153 1706 totum
1176 1642 1261 1705 hunc
1285 1640 1325 1705 de

150 1753 344 1819 dichotomia
367 1754 469 1818 locum
494 1752 535 1816 ad
555 1753 723 1817 Eudoxum
748 1752 933 1832 referamus,
958 1752 1009 1818 cui
1033 1771 1130 1834 supra
1154 1750 1230 1816 anni
1253 1770 1325 1832 par-

150 1865 297 1930 titionem
320 1863 553 1930 vindicavimus

256 1977 327 2040 lam
349 1994 425 2041 vero
449 1974 547 2040 etiam
569 1975 654 2040 aliae
677 1993 728 2040 res
744 1975 778 2040 in
794 1975 967 2056 Excerptis
984 1980 1165 2054 occurrunt,
1190 1994 1326 2056 quarum

149 2094 311 2154 auctorem
336 2105 405 2151 esse
420 2086 589 2151 Eudoxum
613 2086 771 2152 malumus
794 2106 889 2168 quarn
905 2087 1162 2167 Theophrastum
1185 2085 1260 2152 libri
1285 2087 1326 2152 de

147 2199 267 2281 pluviis
290 2204 323 2264 11
344 2197 452 2264 ventis
475 2197 672 2278 scriptorem.
714 2199 824 2279 Atque
843 2199 929 2264 inter
949 2199 1043 2281 signa
1059 2197 1185 2278 quidem
1201 2209 1326 2264 astrum

147 2311 306 2392 quoddam
330 2311 513 2376 celebratur
545 2316 612 2374 tam
643 2309 799 2375 minutum
823 2316 952 2390 tamque
981 2312 1160 2389 obscurum,
1194 2315 1231 2381 nt
1259 2310 1328 2375 11111

148 2425 189 2488 ab
213 2413 395 2486 astronomo
419 2420 475 2487 vix
498 2441 690 2502 aqnoquam
706 2421 845 2489 inveniri
860 2421 975 2502 possit:
1001 2429 1051 2486 111
1071 2425 1196 2512 Φάτνη.
1232 2420 1328 2504 Quod

152 2540 274 2600 astrum
291 2552 385 2613 quam
402 2533 533 2598 difficile
549 2538 700 2599 cernatur
715 2552 816 2615 neque
829 2535 970 2598 Aratum
982 2551 1084 2613 neque
1093 2535 1327 2614 Excerptorem

150 2645 283 2724 fefellit3
300 2643 351 2709 hic
367 2644 450 2709 enim
467 2643 575 2709 ieiuna
587 2645 750 2726 signorum
767 2645 1006 2710 enumeratione
1020 2645 1204 2726 interrupta
1219 2646 1327 2711 facere

150 2776 212 2821 non
239 2755 355 2837 potuit,
389 2756 465 2836 quin
498 2755 553 2821 ubi
585 2755 682 2821 11111111
709 2762 795 2822 11111
824 2755 875 2821 his
902 2757 1010 2822 verbis
1038 2756 1216 2836 explicaret
1238 2763 1259 2841 ξ
1283 2759 1325 2822 23

150 2872 187 2939 ἕν
210 2875 257 2961 τῷ
280 2882 422 2961 καρκίνῳ
447 2870 507 2938 δύο
535 2869 668 2960 οἷστέρες
696 2877 788 2950 εἰσίν,
817 2877 847 2937 ol
875 2871 1073 2957 καλούμενοι
1102 2868 1182 2951 ὄνοι,
1212 2863 1261 2940 ὦν
1287 2872 1326 2940 cd

149 2984 274 3069 μεταξύ
304 2984 340 3049 cd
371 2981 564 3070 νεφέλιονῆ
592 2982 701 3071 quicuq
734 2985 928 3071 καλοιιμένη.
984 2981 1111 3045 Aratus
1142 2999 1219 3046 Vero
1251 2980 1327 3046 inde

151 3093 325 3158 11892
354 3098 474 3172 septem
498 3091 646 3156 versibus
674 3110 849 3173 praesaepe
876 3091 1055 3173 descripsit,
1084 3092 1167 3172 qnod
1195 3093 1264 3172 ipse
1292 3092 1326 3157 in

151 3203 388 3269 Phaenomenis
411 3203 519 3268 omisit
541 3223 580 3268 ac
603 3222 642 3268 ne
665 3202 904 3289 Ptolemaeum)
928 3203 1054 3283 quidem
1078 3203 1147 3268 loco
1171 3203 1238 3282 illo,
1263 3223 1325 3283 quo

255 3349 276 3411 ¹)
302 3347 419 3399 Censor.
441 3346 475 3398 de
500 3346 745 3411 111111111123,8
770 3347 903 3401 horarum
925 3364 1028 3402 nomen
1048 3363 1103 3400 non
1124 3349 1216 3400 minus
1236 3364 1325 3401 annos

148 3439 290 3487 trecentos
308 3432 413 3485 Romae
432 3434 593 3499 ignoratum
612 3449 674 3486 1111
692 3433 825 3485 credibile
844 3439 900 3486 eet:
920 3450 985 3486 nam
997 3432 1050 3485 XII
1067 3433 1171 3486 tabulis
1185 3450 1325 3501 nusquam

153 3521 313 3573 nominatas
328 3519 411 3571 horae
424 3518 561 3583 invenies,
582 3521 657 3570 utin
677 3519 741 3571 11111
762 3525 860 3586 postea
877 3519 997 3585 legibus,
1017 3519 1149 3572 sedante
1168 3519 1324 3586 meridiem,

150 3622 184 3659 eo
201 3605 343 3671 videlicet,
364 3603 440 3671 quod
460 3610 553 3672 partes¹
573 3604 629 3656 diei
648 3605 780 3658 bifariam
798 3611 856 3658 tum
877 3607 960 3658 divisi
986 3605 1118 3658 meridies
1138 3605 1324 3658 discernebat.

149 3691 196 3744 alii
215 3691 290 3743 diem
309 3688 524 3759 quadripartito,
549 3690 597 3742 sed
618 3696 645 3742 11
662 3697 773 3743 noctem
797 3691 927 3745 similiter
950 3692 1132 3745 dividebant.
1148 3692 1233 3759 idque
1260 3708 1326 3744 con-

150 3777 270 3832 suetudo
298 3781 416 3828 testatur
442 3777 582 3841 militaris,
611 3777 660 3828 ubi
687 3775 789 3830 dicitur
815 3777 911 3842 vigilia
935 3779 1036 3847 prima,
1064 3776 1130 3830 item
1150 3777 1274 3830 secunda
1299 3785 1327 3831 et

155 3864 237 3917 tertia
255 3867 282 3915 11
300 3868 408 3929 quarta.

252 3951 275 4012 a)
294 3949 495 4016 Apparit-ionee
520 3949 544 4002 9.
566 3946 597 4000 O.
618 3947 759 4003 Wachsm.
785 3949 806 4003 1.
828 3949 922 4017 Lydus
948 3966 975 4015 p.
995 3950 1046 4002 200
1067 3949 1104 4006 To'
1123 3959 1226 4025 μέντοι
1245 3954 1327 4017 τινάς

149 4043 207 4093 ταῖν
219 4033 295 4111 ααρᾶ
308 4042 369 4097 τοῖς
381 4040 582 4105 παλαιοτέροις
595 4045 870 4112 κατωνομασμένων
883 4036 1013 4113 ἇστέριον
1025 4037 1064 4111 atq*
1076 4040 1328 4114 αροσεντετιὶχθαι

149 4122 214 4194 παρ’
233 4121 303 4195 ἡμῖν
318 4119 389 4194 μήτε
410 4124 442 4176 ἓν
461 4121 531 4195 αὐτῇ
548 4129 594 4190 τῆς
606 4132 803 4195 πραγματείας
822 4122 955 4184 συντάξει
966 4120 1034 4195 μήτε
1054 4125 1117 4189 νύν,
1138 4123 1202 4180 οἷον
1216 4128 1326 4194 οἰστόν,

149 4207 295 4276 chardoino,
324 4211 452 4284 ἐρίφους,
475 4216 704 4284 αροτρυγητῆρα,
733 4213 867 4282 δελφῖνα,
892 4214 942 4263 καὶ
966 4217 995 4265 εἴ
1017 4232 1060 4272 τις
1086 4217 1224 4277 τοιοῦτος,
1253 4234 1326 4283 ony-

148 4303 320 4370 χωρητέον.
335 4334 342 4349 .
356 4335 363 4348 .
375 4293 499 4369 μάλιστα
516 4299 572 4370 μὲν
586 4294 635 4350 riori
648 4294 678 4350 ro*
695 4299 914 4370 dvodcnxpr'cooc
926 4299 975 4351 καὶ
989 4296 1234 4364 δοσκατανοιζτονς
1247 4301 1326 4355 εἶναι

150 4380 199 4444 τοὶς
217 4388 275 4437 τῶν
295 4380 383 4444 οὕτως
399 4388 519 4455 μικρῶν
538 4381 668 4456 οἷστέροιν
687 4382 809 4458 ἰσχοὶτας
827 4386 876 4437 καὶ
894 4382 1008 4458 πρώτας
1028 4394 1197 4457 φαντασίας.
