2948 5160
619 226 839 293 *58-

149 423 425 509 Theophrastus)
458 424 583 490 auctori
615 424 690 490 libri
717 423 874 504 deperditi
901 438 976 517 περὶ
1000 439 1142 515 σημείων
1172 421 1324 505 praebuit

148 544 316 604 ventorum
345 536 604 616 descriptioneur;
638 555 678 600 ex
710 555 771 616 quo
799 536 881 601 libro
910 540 1062 615 excerpta
1088 541 1202 600 extant
1228 533 1324 599 hodie

147 648 278 713 libellus
310 649 349 713 de
382 647 484 729 signis
517 652 626 711 noster
658 653 690 713 et
722 647 938 729 fragmentum
969 647 1051 712 illud
1082 647 1121 712 de
1152 651 1326 711 ventorum

145 759 333 825 nominibus
364 758 457 842 Quod
474 758 501 822 si
512 777 622 824 verum
640 760 859 823 contendimus
875 758 1062 823 facillimam
1074 757 1325 838 explicationem

146 870 369 950 nanciscimur,
394 890 451 935 cur
473 871 559 935 inter
575 871 774 950 problemata
790 869 1123 951 pseudo-aristotelica
1143 869 1212 935 fere
1231 869 1325 934 nulla

148 983 187 1047 de
210 981 455 1063 tempestatibus
478 982 720 1063 praesagieudis
736 988 914 1047 occurrant.
958 981 1142 1050 Verisimile
1164 981 1248 1046 enim
1273 988 1326 1046 est

146 1094 254 1159 eodem
277 1101 419 1174 tempore
443 1100 475 1158 et
498 1093 700 1174 problemata
723 1099 755 1157 et
782 1093 899 1179 librum
928 1095 988 1173 „de
1012 1093 1134 1176 signis‘
1159 1092 1326 1175 integrum

146 1224 186 1270 ex
212 1207 320 1270 codem
348 1205 454 1270 studio
482 1204 710 1285 magistrorum
737 1205 932 1285 provenisse,
962 1205 1009 1269 ita
1036 1210 1072 1269 ut
1100 1223 1181 1284 quae
1211 1204 1326 1269 multis

145 1317 253 1382 verbis
280 1318 500 1382 demonstrare
528 1317 716 1395 studuimus,
746 1317 886 1381 Aratum
909 1315 1036 1398 integro
1060 1316 1117 1380 illo
1147 1315 1231 1380 libro
1260 1335 1327 1380 111

72 1503 74 1507 ‚
146 1447 238 1492 usum
255 1447 334 1507 esse,
359 1448 399 1493 cx
414 1429 493 1509 ipsis
509 1435 687 1508 temporum
703 1428 883 1493 rationibus
899 1428 1034 1493 eluceat.
1068 1426 1153 1492 Sane
1168 1433 1328 1507 quantam

145 1540 312 1605 materiam
340 1541 572 1621 problematum
597 1539 747 1620 scriptori
771 1541 853 1604 liber
884 1540 923 1603 de
956 1538 1059 1622 signis
1091 1537 1326 1618 praestitisset,

147 1650 257 1730 Stoici,
291 1653 436 1717 Boethus
464 1658 496 1717 et
524 1651 717 1716 Posidonius
744 1653 867 1716 (111111.
876 1654 903 1735 ⁶²)
954 1652 1064 1731 Atque
1093 1654 1164 1715 tota
1196 1650 1328 1730 quidem

146 1763 292 1843 quaestio
316 1763 537 1844 spinosissima
560 1770 618 1837 est,
652 1782 733 1843 quae
761 1769 796 1827 ut
824 1765 864 1827 ab
893 1764 977 1827 omni
1004 1769 1098 1843 parte
1121 1762 1327 1840 absolvatur,

147 1874 362 1957 fragmentum
383 1875 658 1955 Theophrasteum
681 1875 720 1938 de
739 1874 845 1940 ventis
865 1873 1053 1953 inscriptum
1079 1873 1328 1938 examinandum

147 1991 205 2065 est,
241 1992 276 2050 ut
299 1986 367 2052 eius
391 2005 488 2066 opera
516 1992 619 2051 totum
652 2003 731 2065 opus
764 1985 963 2065 deperditum
991 1985 1119 2065 pluvias
1147 1989 1179 2049 et
1208 1993 1329 2050 ventos

150 2097 348 2177 complexum
372 2097 590 2163 constituatur
612 2102 708 2176 atque
731 2097 791 2160 boc
813 2098 904 2161 modo
934 2096 1076 2160 rationes
1100 2095 1327 2176 expediantur,

147 2228 228 2289 quae
251 2209 493 2275 intercesserint
520 2211 605 2274 inter
628 2209 885 2289 Theophrastum
912 2208 1043 2288 eiusque
1069 2206 1264 2287 discipulum
1289 2207 1330 2272 de

147 2321 249 2403 signis
277 2323 477 2387 scribentem.
525 2321 588 2387 Sed
616 2340 655 2386 uc
682 2328 775 2385 extra
802 2320 928 2385 modum
956 2316 1181 2384 commentatio
1210 2326 1331 2384 nostra

148 2433 348 2512 intumescat,
386 2434 601 2515 fragmentum
639 2434 678 2497 de
709 2431 815 2497 ventis
848 2431 1002 2512 quomodo
1034 2430 1109 2496 huic
1143 2431 1331 2496 1111111111

146 2546 347 2623 respondeat,
380 2545 462 2609 alias
496 2545 679 2625 explorabo.
730 2545 825 2610 Nunc
853 2544 939 2608 intra
967 2541 1235 2622 finespropositi
1267 2562 1330 2608 111

147 2660 293 2719 tenentes
316 2656 491 2735 videamus
517 2675 598 2736 quae
621 2674 672 2720 111
696 2656 729 2720 11
753 2656 926 2735 Excerptis
954 2654 1076 2719 tradita
1099 2653 1329 2733 Theophrasto

150 2766 291 2831 adscribi
313 2767 447 2847 possint,
476 2786 557 2847 quae
584 2767 691 2847 potius
715 2768 755 2831 ad
779 2768 917 2831 alterum
941 2764 1132 2830 referantur.
1180 2764 1216 2831 si
1242 2765 1329 2831 enim

150 2877 256 2943 fontes
280 2879 358 2943 duos
382 2897 460 2958 quos
477 2897 575 2958 supra
591 2884 813 2958 excerptorum
834 2876 1061 2958 compositione
1077 2876 1168 2957 prodi
1184 2877 1327 2943 vidimus

151 2989 248 3054 etiam
272 2989 304 3053 in
328 2997 459 3055 auctore
483 2989 603 3073 integri
626 2990 701 3054 libri
723 2991 905 3068 retinemus,
931 2989 1069 3054 coinon
1093 2988 1195 3052 solum
1221 2993 1324 3054 totam

149 3100 313 3183 signorum
335 3101 571 3166 multitudinem
595 3086 722 3167 uindico
747 3101 922 3167 sedetiam
946 3099 1140 3181 prooemium
1164 3118 1231 3163 una
1257 3118 1318 3165 curo

148 3213 256 3279 verbis
279 3213 346 3278 illis
370 3211 554 3307 castigatis:
579 3219 599 3295 g
619 3215 646 3278 1.
672 3213 697 3282 d*
719 3223 782 3301 μὲν
806 3214 902 3283 ualeat
925 3215 1211 3302 rspocxonpcamg
1240 3213 1319 3279 dett

148 3337 229 3416 παρ’
244 3332 374 3417 ,ἑτέρων
397 3325 457 3393 ccix
483 3323 654 3411 α’ὄοκίμων
677 3328 839 3407 λαβόντες
862 3343 925 3388 non
949 3329 1015 3388 tam
1039 3323 1203 3403 signorum
1229 3323 1329 3388 eollo·

151 3434 277 3500 catione
300 3442 333 3498 et
356 3434 466 3498 ordine
487 3435 717 3514 explorandum
733 3454 772 3499 ex
788 3443 861 3500 utro
877 3434 966 3499 fonte
981 3435 1126 3514 quodque
1141 3441 1328 3515 promptum

146 3545 202 3624 sit,
239 3564 334 3625 quam
369 3547 464 3609 rebus
498 3546 577 3626 ipsis
613 3547 859 3626 perpendendis
900 3544 1157 3626 Theophrastine
1192 3544 1327 3628 ingenio

255 3839 273 3901 ¹)
293 3836 382 3898 Diels,
402 3836 522 3904 doxogr.
544 3855 570 3906 p.
587 3837 636 3890 105
654 3840 805 3889 maximam
825 3838 915 3889 fuisse
933 3837 1096 3889 Aristotelis
1116 3835 1324 3901 auctoritatem,

148 3925 193 3975 cui
211 3939 293 3975 suum
313 3924 469 3975 verecunde
488 3923 621 3975 iudicium
646 3924 828 3992 subiungeret
847 3922 1094 3990 (Theophrastus),
1120 3923 1323 3991 efragmeutis
1382 3982 1386 3995 ,

148 4009 259 4061 abunde
278 4008 459 4077 conspicitur.
1389 4070 1392 4077 Ι

249 4097 272 4159 ²)
298 4096 356 4146 Cic.
383 4095 416 4146 de
441 4095 527 4147 divin.
549 4096 574 4147 11
597 4097 627 4147 21
653 4094 898 4164 prognosticorum
922 4110 1022 4147 111111
1047 4095 1188 4164 persecuti
1212 4099 1277 4146 sunt
1294 4100 1324 4145 et
1389 4086 1392 4098 '

148 4182 272 4234 Boethus
293 4181 415 4246 Stoicus,
435 4183 621 4249 quiestote
643 4182 812 4245 nominatae,
834 4188 861 4232 et
884 4187 978 4233 noster
997 4183 1080 4233 etiam
1099 4179 1269 4232 Posidonius
1293 4184 1323 4230 et

147 4271 170 4319 si
198 4284 299 4320 causae
328 4283 383 4320 111
412 4271 589 4336 reperiantur
615 4268 732 4321 istarum
751 4284 855 4332 rerum,
883 4283 926 4318 res
948 4274 1039 4319 tamen
1067 4266 1145 4335 ipsae
1174 4266 1320 4318 observari

148 4353 388 4420 animadvertique
406 4360 535 4419 possunt.
573 4356 609 4406 cf.
629 4355 642 4404 I
661 4370 684 4406 1,
704 4353 728 4405 8.
