2948 5160
604 583 958 660 -15-”

131 802 237 862 autem
261 794 324 861 fide
347 798 397 860 111
421 791 552 878 genuini
574 790 680 873 operis
707 810 811 857 senno
839 795 997 870 servatus,
1026 795 1063 857 ut
1090 795 1225 871 exceptov
1246 790 1303 855 illo

130 921 187 978 καὶ
203 913 248 1000 μη
267 912 378 988 καλῶς
394 910 617 992 ἐγκεκλιμένος
633 922 697 968 11011
716 902 808 968 modo
829 902 934 967 Omnia
949 903 1050 970 Verba
1070 902 1178 968 eodem
1195 903 1305 968 Ordine

131 1020 291 1085 collocata
318 1017 485 1096 iterentur,
514 1015 694 1081 sedetiam
722 1019 858 1096 utroque
886 1015 955 1080 loco
983 1016 1117 1080 verbum
1139 1019 1312 1102 χειμάζειν

132 1135 317 1210 usurpetur,
342 1128 426 1210 quod
448 1128 482 1193 in
505 1125 623 1193 ceteris
638 1126 714 1190 libri
728 1125 876 1207 partibus
892 1127 959 1192 fere
975 1144 1130 1206 nusquam
1145 1125 1306 1207 reperitur

133 1242 239 1307 Simili
262 1240 386 1306 ratione
409 1259 489 1321 quae
505 1239 605 1304 verba
628 1242 742 1302 extant
764 1236 859 1318 primi
876 1237 993 1318 capitis
1004 1237 1042 1302 'in
1058 1238 1197 1303 secunda
1212 1242 1305 1319 parte

133 1360 164 1436 (ξ
192 1355 243 1436 19)
266 1366 322 1421 καὶ
345 1354 364 1419 o'
388 1366 501 1431 σπίνος
525 1355 562 1420 ἐν
585 1341 672 1442 οἰκία
701 1357 870 1449 οἰκουμένῃ
899 1353 964 1421 dciv
986 1356 1172 1438 φθέγξηται
1196 1357 1305 1420 ἕωθεν

133 1465 221 1555 {5an
249 1479 399 1554 σημαγνμ
427 1461 448 1553 ἢ
475 1465 624 1550 palpativa
652 1458 814 1525 iterantur
843 1459 878 1524 in
904 1459 995 1526 tertii
1023 1459 1139 1541 capitis
1166 1461 1306 1533 secunda

132 1580 225 1656 parte
237 1580 269 1659 (ξ
281 1575 337 1659 40)
350 1586 407 1642 καῖ
421 1588 534 1652 σπίνος
551 1575 588 1642 ἓν
603 1580 690 1664 οἰκίᾳ
707 1581 877 1672 οἰκουμένη
895 1575 1120 1661 φθεγγόμενος
1132 1586 1303 1662 χειμέριον.

132 1689 281 1768 Apparet
307 1672 404 1767 primi
432 1666 548 1765 capitis
576 1687 609 1749 et
636 1682 771 1765 primam
799 1686 833 1747 et
855 1683 1025 1749 secundam
1052 1687 1178 1765 partem
1200 1684 1304 1749 minus

130 1819 227 1881 parce
253 1797 448 1864 instruxisse
475 1796 714 1876 compilatorem
742 1813 835 1874 quam
868 1794 968 1874 tertii,
1002 1794 1050 1860 ita
1081 1800 1118 1861 ut
1149 1796 1305 1861 neminem

131 1915 315 1992 praetereat
338 1915 371 1974 et
393 1907 514 1990 primas
537 1914 647 1989 partes
669 1925 709 1972 ex
733 1905 890 1972 communi
913 1911 945 1971 et
960 1906 1116 1972 secundas
1132 1906 1241 1988 partes
1265 1927 1305 1973 ex

131 2043 193 2089 uno
222 2024 312 2087 fonte
338 2019 480 2099 fluxisse,
511 2024 608 2100 atque
639 2018 765 2099 quidem
792 2017 967 2083 verisimile
990 2018 1038 2084 111
1065 2023 1098 2084 11
1124 2019 1244 2100 primas
1273 2025 1305 2085 et
1374 2002 1377 2007 ’

132 2135 289 2199 secundas
317 2131 474 2199 sectiones
505 2131 534 2196 si
565 2149 629 2195 non
660 2134 757 2208 totas,
790 2135 899 2195 tamen
930 2149 1079 2212 magnam
1107 2137 1233 2211 partem
1263 2132 1304 2197 ad

134 2245 268 2310 eundem
295 2244 411 2309 librum
435 2242 548 2308 redire.
595 2241 658 2308 Sed
686 2240 899 2307 confitendum
927 2248 977 2306 111
1004 2246 1091 2307 11111
1115 2249 1304 2324 argumento

135 2375 192 2420 nos
220 2374 339 2434 carere,
372 2373 433 2435 quo
465 2353 585 2435 primas
612 2359 645 2418 et
672 2354 828 2419 secundas
855 2352 1013 2419 sectiones
1041 2354 1082 2418 ad
1109 2373 1304 2420 communem

135 2469 255 2532 fontem
286 2467 479 2551 redigamus
512 2465 606 2530 immo
636 2463 778 2530 fortasse
805 2465 839 2529 in
866 2465 974 2533 verbis
1002 2468 1100 2536 ὐεοοῖ
1127 2470 1164 2535 δὲ
1189 2486 1305 2558 σημεῖα

134 2586 166 2662 (g
194 2581 246 2662 13)
270 2578 409 2662 vestigia
432 2577 567 2644 alterius
592 2576 697 2657 operis
721 2577 833 2642 latere.

239 2692 279 2755 In
302 2695 418 2771 quarto
441 2688 547 2770 capite
571 2688 709 2770 optimus
733 2689 809 2753 ordo
833 2688 925 2754 nobis
941 2688 1073 2779 arridett
1108 2691 1182 2756 Non
1203 2690 1305 2756 solum

131 2803 229 2868 certis
252 2802 369 2867 finibus
392 2800 542 2869 sublimia
565 2819 585 2866 a
607 2800 746 2865 terrenis
762 2799 907 2865 seiuncta
927 2807 1011 2881 sunt,
1037 2801 1092 2866 sed
1108 2807 1141 2866 et
1157 2801 1306 2867 sublimia

131 2921 164 2980 et
192 2925 321 2981 terrena
348 2933 387 2978 ea
414 2912 539 2978 ratione
566 2910 732 2992 disposita,
766 2931 848 2993 quae
879 2911 979 2995 digua
1011 2912 1055 2978 sit
1082 2913 1167 2979 omni
1194 2920 1306 2980 nostra

133 3025 401 3106 comprobatione.
434 3025 474 3090 In
491 3023 569 3089 solis
593 3023 695 3106 signis
718 3026 759 3089 ab
782 3028 856 3089 ortu
872 3023 913 3088 ad
930 3042 1076 3089 occasum
1092 3024 1307 3105 proficiscitur

136 3136 251 3220 oratic,
280 3137 377 3202 etiam
405 3156 422 3202 e
450 3141 628 3202 ceterorum
656 3134 840 3201 sublimium
868 3136 1108 3202 continuatione
1131 3135 1213 3201 satis
1236 3156 1307 3218 pro·

135 3248 241 3312 babile
273 3248 439 3314 consilium
476 3248 589 3312 elucet.
647 3246 861 3313 Terrenorum
895 3253 1002 3313 autem
1037 3247 1136 3313 series
1171 3247 1251 3314 scite
1285 3267 1305 3312 1

133 3350 267 3441 gruibus
290 3359 426 3438 ducitur,
451 3358 567 3441 quippe
587 3358 718 3439 quaein
734 3378 890 3424 summum
906 3377 1012 3424 aerem
1028 3359 1194 3426 evolantes
1210 3360 1306 3441 longe

131 3471 330 3554 prospiciant
361 3471 501 3541 orientes
532 3474 757 3551 tempestatem
795 3477 864 3536 tum
902 3489 979 3536 aves
1015 3490 1035 3536 a
1067 3471 1305 3552 quadrupedum

131 3601 261 3648 numero
285 3582 488 3663 excipiuntur
494 3605 501 3660 ;
526 3581 567 3646 ad
589 3581 683 3646 finem
699 3581 835 3662 denique
850 3581 970 3648 reiecta
986 3587 1061 3647 sunt
1081 3582 1175 3665 signa
1193 3602 1214 3647 a
1229 3601 1306 3649 vere

131 3694 268 3759 terrenis
292 3695 404 3776 petita.
443 3694 516 3758 Una
538 3698 665 3758 tautum
687 3692 892 3774 intercapedo
913 3694 1055 3759 existere
1070 3693 1200 3760 videtur
1221 3693 1307 3759 iuter

131 3805 239 3871 avium
271 3811 304 3871 et
336 3805 575 3886 quadrupedum
611 3803 706 3887 signa
743 3804 936 3886 interposita
973 3805 1105 3871 calestis
1142 3805 1306 3871 cuiusdam

131 3917 310 3999 splendoris
333 3917 493 3982 mentione
516 3921 548 4000 (ξ
565 3918 629 4000 13).
667 3915 730 3982 Sed
753 3921 879 3981 tantum
903 3918 1006 3996 abest,
1031 3921 1068 3983 ut
1091 3917 1152 3982 boo
1175 3916 1306 3982 insolito

133 4027 223 4111 signo
252 4030 426 4107 turbemur,
454 4034 492 4093 ut
517 4027 591 4093 inde
618 4027 850 4095 validissimum
879 4034 1104 4110 argumentum
1132 4028 1305 4109 capiamus,

132 4140 205 4206 huic
233 4139 341 4232 quarti
368 4139 486 4222 capitis
514 4141 672 4213 secundae
703 4140 791 4221 parti
822 4139 905 4205 idem
938 4158 1017 4221 opus
1050 4140 1190 4219 subesse,
1225 4139 1308 4204 unde

131 4258 309 4318 ceterorum
332 4253 474 4334 capitum
498 4252 657 4317 secundae
681 4251 839 4318 sectiones
855 4251 1018 4317 fluxerint.
1050 4251 1135 4317 Nam
1151 4250 1186 4316 in
1201 4250 1309 4318 verbis

128 4377 186 4433 καῖ
221 4369 284 4434 ἓοέν
316 4372 474 4452 χειμῶνος
508 4367 699 4455 βορεύοντος
727 4371 900 4456 βορρᾶθεν
937 4365 1139 4458 ὑπόλαμψις
1171 4377 1305 4454 γένηται

130 4481 226 4565 lever}
257 4481 399 4547 νοτόθεν
431 4480 467 4545 δὲ
500 4481 638 4547 ἐναντία
667 4489 846 4566 τεταγμένη
874 4471 896 4576 ᾗ
926 4479 1042 4566 νεφέλη
1072 4476 1228 4565 ὀγκώδης,
1262 4476 1306 4554 οἷς

134 4591 191 4658 ἐπὶ
207 4592 244 4656 cd
262 4592 347 4658 aoid
366 4596 411 4668 εἰς
428 4589 546 4659 εὐδίαν
562 4603 713 4677 σημαίνει
729 4590 918 4681 μεταβολήν
936 4591 969 4652 et
989 4584 1147 4668 oppositio
1170 4584 1308 4650 borealis

131 4700 350 4788 australisque
381 4698 523 4782 regionis
546 4705 579 4765 et
601 4700 733 4766 verbum
757 4702 923 4789 μεταβολή
949 4698 991 4763 ad
1017 4697 1189 4764 secundum
1214 4701 1311 4777 caput
