2948 5160
137 805 172 870 in
196 823 231 869 re
254 808 322 869 tam
345 798 450 867 sterili
473 799 550 866 ordo
573 778 636 865 non
660 798 755 865 nimis
776 797 887 880 urgeri
909 797 1017 875 debet;
1050 814 1125 861 nam
1146 814 1238 861 nemo
1262 798 1312 860 est

137 915 215 997 quin
238 914 271 979 in
294 913 356 979 tali
384 916 501 978 conatu
524 888 655 977 labatur
677 916 774 992 atque
797 909 871 976 aliis
894 908 1074 975 rationibus
1090 913 1187 989 atque
1202 905 1311 972 simili·
1382 919 1385 925 ’

136 1025 302 1092 1011111110
331 1023 545 1090 officientibus
580 1022 699 1088 sensim
731 1023 770 1087 de
798 1021 930 1087 consilio
958 1021 1122 1102 proposito
1150 1018 1309 1084 deflectat.

139 1137 244 1221 Quam
260 1136 300 1201 ob
316 1156 383 1206 rem
399 1135 460 1201 etsi
475 1133 685 1199 manifestum
698 1140 748 1199 001
760 1133 838 1199 00110
851 1133 945 1216 signa
959 1133 994 1198 in
1008 1132 1101 1198 initio
1112 1131 1310 1215 singulorum

139 1255 278 1330 capitum
301 1247 473 1313 tractanda
497 1245 560 1312 sibi
583 1245 757 1327 sumpsisse
784 1250 957 1324 auctorem,
985 1244 1066 1311 nihil
1093 1263 1152 1310 nos
1179 1242 1340 1340 offendit
1443 1238 1447 1245 '

139 1361 222 1440 quod
244 1367 263 1444 ξ
287 1361 329 1424 22
352 1364 426 1440 post
448 1357 540 1423 iridis
562 1357 754 1423 mentionem
777 1357 930 1439 leguntur
952 1359 1042 1426 α’λλοὲ
1067 1360 1229 1437 πολλάκις
1253 1369 1310 1425 καὶ
1375 1388 1379 1395 ·
1450 1362 1454 1445 [

139 1481 168 1573 at
192 1473 276 1552 ὀξεῖς
296 1471 383 1562 ἣλιοι
404 1471 487 1540 ὅταν
508 1475 544 1539 ἐκ
568 1475 703 1560 νεφέλης
721 1490 728 1503 ·
745 1474 841 1549 atque
864 1471 942 1554 §4ss
966 1474 1041 1551 post
1063 1468 1194 1535 nubium
1217 1468 1311 1551 signa
1409 1521 1412 1525 ,

136 1585 155 1651 ὅ
179 1582 267 1674 ἥλιος
290 1587 354 1652 s'oiv
369 1590 528 1670 χειμῶνος
550 1583 753 1676 διαλάμψας
776 1584 884 1652 πάλιν
907 1582 1113 1680 α’ποκρυφθῇ
1136 1590 1193 1647 καὶ
1216 1585 1310 1648 rodco

137 1698 256 1795 ποιήσῃ
282 1699 331 1774 δὶς
355 1693 375 1785 ἢ
399 1706 467 1784 τρῖς
490 1696 595 1785 ἡμέρα
619 1707 779 1785 χειμέριος
803 1697 928 1785 discors.
965 1692 1005 1756 In
1029 1691 1211 1756 universam
1234 1709 1310 1755 vero

137 1806 252 1871 seriem
280 1805 503 1886 inquirendum
535 1812 595 1883 est,
628 1823 692 1869 non
723 1803 757 1869 in
789 1803 927 1886 singulis
960 1803 1063 1885 signis
1090 1802 1320 1899 insistendum,

243 1918 315 1982 lem
347 1916 443 1998 primi
475 1914 592 1997 capitis
623 1914 749 1980 initium
782 1915 935 1980 habemus
963 1915 1083 1996 optimo
1111 1915 1222 1980 ordine
1249 1914 1340 1979 diss

138 2030 287 2110 positum.
324 2029 358 2092 Α
382 2027 461 2093 00110
483 2027 567 2093 enim
591 2032 713 2112 0111111
732 2028 785 2112 10)
808 2027 916 2110 pergit
939 2027 1078 2108 scriptor
1099 2026 1142 2092 ad
1165 2045 1311 2092 occasum

138 2141 277 2220 itemque
305 2141 338 2205 in
365 2140 461 2205 lunae
488 2138 591 2222 signis
615 2145 647 2223 (ξ
674 2141 725 2224 12)
753 2140 896 2204 abortu
923 2137 1046 2219 incipit.
1093 2138 1311 2203 Tumstellas

138 2251 365 2331 discurrentes,
397 2250 511 2317 deinde
541 2253 642 2317 nubes
674 2250 824 2335 adjungit
855 2251 950 2315 lanae
976 2251 1152 2316 velleribus
1178 2249 1310 2332 similes,

140 2370 309 2449 postquam
331 2367 428 2429 antea
450 2381 553 2444 pauca
574 2361 712 2427 inseruit
735 2362 774 2428 de
797 2361 875 2428 solis
898 2363 1008 2446 radiis,
1033 2382 1167 2442 quorum
1189 2360 1311 2442 species
1414 2362 1417 2367 ’
1463 2384 1467 2391 ⁴

139 2495 201 2540 non
225 2475 321 2557 longe
343 2473 464 2541 recedit
486 2493 507 2538 a
529 2473 698 2539 stellarum
713 2474 959 2540 discurrentium
975 2473 1194 2540 similitudine.
1230 2473 1312 2538 Tum

138 2606 213 2653 vero
238 2585 345 2652 subito
369 2585 506 2651 deicitur
528 2604 632 2650 sermo
662 2604 680 2650 e
710 2585 892 2652 sublimium
923 2587 1127 2652 enarratione
1150 2585 1184 2650 in
1209 2585 1313 2650 media

136 2703 283 2778 terrena;
317 2697 385 2764 fere
402 2678 492 2762 ⁴omni
516 2696 627 2762 ordine
650 2697 797 2780 neglecto
825 2698 933 2764 bullae
960 2697 1138 2777 induviis,
1171 2697 1312 2776 lucerna,

137 2829 214 2876 aves
238 2810 387 2891 deinceps
415 2814 600 2890 sequuntur.
653 2807 754 2874 Ouius
781 2809 1034 2890 perturbationis
1062 2809 1154 2891 quasi
1182 2828 1311 2874 causam

137 2923 271 3003 prodere
294 2918 379 2987 mihi
394 2919 545 2987 videntur
567 2921 668 2985 verba
690 2939 803 3001 pauca,
828 2940 909 3001 quae
925 2920 1138 2987 Schneiderus
1161 2926 1194 2986 et
1210 2921 1312 2984 Wim-

138 3052 243 3098 merus
266 3032 410 3099 tollenda
425 3050 496 3098 esse
511 3014 664 3096 arbitrati
680 3038 765 3111 sunt,
790 3051 849 3115 ego
866 3038 902 3122 ut
917 3032 1058 3115 vestigia
1074 3031 1313 3114 compositionis

138 3145 239 3209 habeo
267 3144 409 3225 plurimi:
439 3149 520 3210 sunt·
549 3145 644 3214 110τοῦ
672 3148 710 3213 δὲ
737 3163 854 3236 σημεῖα
889 3149 921 3228 (ξ
948 3147 1009 3229 13).
1057 3146 1197 3210 Prorsus
1229 3144 1312 3210 enim

139 3256 303 3321 abundant
325 3255 382 3322 illo
406 3256 475 3322 loco
498 3261 596 3337 atque
618 3257 752 3322 verbum
774 3258 879 3342 ςῗετός,
908 3255 937 3321 01
959 3256 1101 3338 excipias
1129 3264 1149 3340 ξ
1176 3259 1225 3334 16,
1250 3276 1314 3321 non

139 3365 303 3433 invenitur
317 3367 351 3433 in
366 3372 477 3432 nostro
494 3365 614 3432 libello.
650 3367 789 3433 Accedit
807 3387 894 3447 1010,
919 3369 1002 3448 quod
1022 3369 1172 3433 lucernae
1188 3368 1315 3450 signum

137 3477 170 3542 in
198 3483 375 3545 ceterorum
404 3478 545 3560 capitum
574 3478 637 3543 fine
664 3497 789 3559 semper
817 3479 1010 3543 collocatum
1037 3484 1095 3544 est.
1148 3479 1313 3560 Suspicari

137 3588 239 3672 igitur
266 3591 406 3656 fortasse
429 3589 507 3655 11001
533 3592 634 3657 verba
662 3592 760 3661 101011
789 3595 825 3659 δὲ·
854 3609 970 3679 σημεῖα
1000 3595 1032 3656 01
1061 3591 1228 3671 sequentia
1256 3597 1313 3657 aut

137 3703 178 3766 ab
202 3708 392 3783 excerptore
414 3701 483 3783 ipso
508 3706 565 3767 aut
588 3722 608 3766 a
631 3701 810 3783 posteriore
832 3702 951 3783 aliquo,
976 3701 1030 3782 qui
1049 3702 1213 3768 lucernam
1228 3702 1313 3768 inter
1415 3686 1418 3691 ¹

137 3812 321 3893 pluviarum
354 3813 448 3896 signa
480 3813 687 3891 desideraret,
721 3832 835 3894 parum
867 3814 1018 3879 sollerter
1051 3833 1121 3880 esse
1152 3815 1312 3895 suppleta.

138 3924 220 3991 Tum
242 3925 317 3990 inde
340 3944 360 3990 a
383 3932 403 4009 ξ
428 3927 558 3990 16-111
581 3924 638 3990 vix
665 3925 728 3990 erit
755 3926 810 4006 qui
837 3930 934 4008 neget
957 3925 1052 4007 signa
1076 3932 1165 3990 certa
1188 3925 1313 3990 ratione

139 4053 208 4101 esse
231 4042 398 4120 congesta
428 4036 531 4118 signis
559 4036 642 4102 enim
671 4035 783 4102 multis
810 4039 852 4102 ab
879 4036 994 4102 avibus
1017 4036 1129 4118 petitis
1153 4056 1314 4118 perpauca

138 4146 221 4213 alins
244 4147 372 4231 generis
388 4149 558 4226 adduntur,
583 4167 665 4229 quae
681 4148 736 4213 vix
752 4148 909 4229 aptiorem
926 4149 1031 4214 locum
1051 4148 1195 4214 nancisci
1210 4155 1315 4228 poter-

106 4265 110 4273 '
137 4264 208 4338 ant;
233 4260 295 4325 huc
311 4259 417 4340 etiam,
441 4260 473 4324 in
500 4260 605 4339 „ollae
627 4259 844 4325 coruscantis‘
869 4260 1021 4325 viciniam
1037 4259 1198 4324 reicienda
1214 4259 1314 4324 fuisse

137 4369 232 4454 signa
256 4371 314 4437 illa
342 4391 423 4452 quae
451 4391 549 4452 supra
573 4370 655 4436 falso
684 4371 806 4436 inserta
834 4376 919 4449 sunt,
947 4372 1152 4453 paragrapho
1176 4372 1219 4434 42
1244 4389 1314 4450 pro-

136 4482 243 4561 batur,
272 4483 327 4548 ubi
350 4487 459 4548 terrae
481 4483 607 4551 viscera
635 4483 727 4548 iuxta
754 4482 861 4566 ignem
890 4487 923 4547 et
950 4483 1112 4548 lucernam
1140 4481 1315 4563 000110111-

136 4594 291 4659 venimus.
339 4594 465 4659 Deinde
487 4603 507 4680 ξ
532 4596 574 4660 211
601 4594 644 4660 ad
671 4593 821 4660 sublimia
849 4593 933 4658 redit
960 4594 1109 4675 scriptor,
1138 4594 1172 4657 in
1200 4594 1315 4673 quibus

135 4709 281 4771 moratus
308 4724 408 4788 usque
439 4707 480 4772 ad
512 4714 532 4794 ξ
560 4708 602 4772 23
635 4706 788 4773 formicae
819 4704 1011 4771 mentionem
1044 4705 1124 4770 facit
1152 4723 1216 4769 una
1244 4723 1315 4770 cum
