2948 5160
607 594 831 659 ...21-

133 806 264 883 γίραιιοι
289 795 353 862 ἐάν
376 759 468 884 πρωΐ
485 804 650 864 necabam
673 805 731 862 nai
754 793 880 882 άθρόοι
896 797 982 883 πρωῒ
997 791 1159 880 χειμάσει,
1183 792 1248 861 ἐάν
1269 792 1308 860 δὲ

133 906 201 997 ὀψὲ
230 917 288 972 καὶ
316 907 424 974 πολύν
450 906 568 995 χρόνον
595 901 662 999 8ψὲ
690 907 841 993 χειμάσει
865 925 871 936 ·
892 916 950 973 καὶ
976 902 1046 994 :lav
1072 903 1308 995 άπιστραφῶσι

132 1018 309 1102 πετόμενοι
332 1020 479 1102 χειμῶνα
503 1029 705 1105 σημαίνουσι.

241 1123 283 1189 In
298 1122 441 1189 confesso
456 1121 560 1206 igitur
574 1142 668 1206 sporo
684 1124 754 1191 iore
769 1125 863 1191 huius
884 1125 1162 1208 prognosticorum
1178 1123 1306 1207 generis
1408 1107 1411 1113 ’

135 1253 234 1300 causa
261 1253 388 1301 necesse
414 1253 478 1300 non
506 1253 585 1315 esse,
618 1241 655 1303 ut
687 1255 805 1305 novum
836 1235 958 1303 fontem
986 1241 1179 1316 statuamus,
1212 1234 1307 1301 immo

136 1345 348 1428 paragraphis
379 1347 423 1411 44
441 1398 447 1411 .
465 1347 509 1411 45
541 1366 612 1413 cum
644 1348 687 1413 48
705 1401 711 1413 .
729 1349 772 1413 49
811 1346 940 1414 collatis
972 1347 1064 1414 nobis
1096 1347 1308 1429 persuadetur
1339 1375 1341 1380 ·

136 1456 304 1538 utrumque
336 1456 537 1539 scriptorem,
570 1440 649 1540 quos
681 1477 780 1541 supra
811 1440 943 1525 odorati¹
971 1477 1090 1539 sumus,
1123 1458 1173 1524 his
1206 1457 1308 1542 signis
1404 1502 1407 1506 -

135 1587 263 1659 operam
285 1587 433 1636 navasse.
482 1568 609 1653 Quibus
630 1569 789 1637 concessis
811 1571 909 1637 etiam
932 1570 999 1636 alia
1021 1589 1061 1635 ex
1084 1574 1178 1651 parte
1200 1570 1308 1635 turba

132 1682 251 1744 tionem
274 1683 371 1761 atque
394 1680 509 1747 miram
532 1680 697 1763 signorum
717 1680 934 1749 confusionem
950 1680 1113 1763 explicare
1128 1698 1304 1762 possumus.
1324 1670 1327 1675 ’

131 1792 217 1857 Nam
240 1790 309 1858 sive
331 1789 396 1857 iam
420 1793 462 1858 ab
484 1775 578 1860 initio
606 1791 746 1859 animum
773 1791 945 1859 induxerat
972 1791 1070 1858 ctiam
1097 1793 1192 1875 signa
1219 1791 1307 1857 anni·

132 1903 279 1969 versaria
313 1902 477 1986 colligere,
515 1903 584 1971 sive
615 1903 731 1970 ceteris
762 1903 826 1969 iam
863 1903 965 1986 signis
995 1903 1030 1969 in
1061 1922 1160 1969 unum
1191 1921 1307 1984 corpus

133 2013 405 2094 quadripartitum
421 2015 592 2098 congestis,
614 2016 753 2081 ibrtosse
768 2034 832 2080 non
847 2034 948 2097 parvo
964 2014 1118 2096 temporis
1132 2012 1305 2080 intervallo

24 2142 28 2148 ·
133 2124 503 2207 intercedentc,'statuit
524 2126 619 2211 signa
633 2127 692 2192 illa
712 2146 892 2208 excerpere,
916 2127 1018 2192 denuo
1038 2125 1123 2206 libri,
1148 2126 1232 2192 unde
1254 2144 1306 2190 ex·

136 2235 265 2317 cerpsit‚
297 2237 505 2325 pervolvendi
531 2244 637 2320 erant;
671 2239 755 2320 quod
787 2257 858 2304 cum
885 2237 1017 2317 faceret,
1050 2237 1170 2303 nemini
1192 2235 1306 2302 mirum

136 2346 299 2414 videbitur
320 2367 391 2415 eum
413 2348 510 2416 etiam
532 2350 650 2431 prioris
674 2349 802 2434 generis
825 2349 928 2434 signa,
957 2368 1039 2429 quae
1061 2348 1188 2431 quidem
1210 2353 1307 2414 antea

135 2478 198 2524 non
221 2460 434 2543 transscripta
455 2480 527 2527 esse
553 2467 692 2543 putaret,
721 2462 838 2528 iterum
865 2460 1070 2542 excerpsisse.
1118 2462 1192 2526 Hoc
1214 2459 1307 2525 modo

135 2572 255 2638 factum
278 2578 337 2653 est,
361 2582 485 2643 utnon
508 2578 612 2642 solum
635 2574 668 2640 in
691 2575 754 2640 fine
777 2573 927 2656 capitum,
953 2573 1122 2638 sedetiam
1145 2572 1178 2638 in
1201 2571 1307 2638 media

132 2684 238 2751 altera
260 2689 563 2768 partetabularum
586 2686 680 2771 signa
704 2684 927 2752 anniversaria
953 2683 1161 2753 inveniantur
1184 2691 1216 2769 (ξ
1239 2685 1306 2770 44),
1352 2713 1354 2717 ’

131 2797 236 2864 altero
260 2798 343 2866 libro
366 2800 428 2880 hic,
457 2801 561 2867 altero
589 2799 658 2866 illic
680 2797 834 2864 adhibito.
882 2797 1007 2863 Eadem
1030 2804 1080 2863 est
1103 2816 1211 2877 causa,
1239 2816 1305 2876 cur,

131 2929 202 2975 cum
226 2910 570 2994 signaanniversaria
593 2915 746 2977 nontam
770 2910 811 2975 ab
836 2928 957 2975 unare
980 2915 1133 2990 petantur
1156 2927 1250 2990 quam
1274 2908 1307 2974 in

133 3022 351 3089 communibus
366 3023 605 3090 condicionibus
621 3027 800 3102 versentur,
821 3026 992 3103 excerptor
1006 3020 1130 3087 duobus
1145 3020 1308 3105 prioribus

136 3132 293 3214 capitibus
307 3155 404 3217 parce
418 3140 545 3202 tantum
561 3135 644 3200 talia
663 3133 758 3218 signa
778 3133 964 3215 asperserit.
988 3133 1022 3198 in
1045 3134 1109 3199 fine
1123 3151 1200 3200 vero
1216 3131 1308 3198 tertii

136 3249 169 3308 et
199 3245 306 3326 quarti
337 3246 561 3313 cumulaverit.
616 3247 667 3312 Re
698 3265 777 3313 vera
808 3251 917 3311 autem
949 3245 1190 3327 compilatorem
1222 3243 1308 3309 inter

134 3357 301 3424 universas
324 3359 400 3425 illas
423 3366 456 3425 et
478 3358 658 3440 peculiares
673 3357 816 3424 rationes
839 3357 1039 3441 distinguere
1061 3356 1211 3435 voluisse,
1236 3355 1307 3437 ipsa

133 3470 201 3537 eius
223 3471 324 3539 verba
351 3471 467 3538 docent
489 3489 571 3553 quae
594 3473 673 3555 §56
696 3476 902 3563 praepostere
925 3470 1092 3552 leguntur:
1116 3473 1245 3554 λέγεται
1270 3472 1307 3537 δὲ

131 3597 188 3652 καὶ
217 3587 332 3653 τοιάδε
365 3603 482 3675 σημεῖα
516 3583 605 3654 ὅλων
632 3613 666 3652 τε
693 3590 761 3654 cciv
784 3586 948 3652 ἐνιαυτῶν
974 3591 1130 3667 γίνεσθαι
1158 3593 1216 3649 καὶ
1244 3586 1311 3651 τῶν
1402 3608 1404 3613 ’

131 3710 262 3786 μορίων.
311 3694 403 3779 Quae
425 3695 526 3781 verba
553 3693 581 3759 si
608 3712 665 3760 suo
694 3695 763 3760 loco
792 3693 914 3775 scripta
941 3711 1012 3758 esse
1039 3690 1131 3757 nobis
1157 3691 1309 3774 persuad-

132 3825 267 3886 eremus,
298 3805 480 3872 indicarent
512 3812 731 3887 excerptorem
763 3810 830 3870 tum
859 3805 982 3870 demum
1011 3802 1179 3870 consilium
1210 3803 1310 3869 inisse

50 3950 54 3987 ·.
131 3916 216 3982 alius
239 3917 367 4001 generis
390 3917 484 4001 signa
507 3916 687 3999 collegendi
709 3923 807 3997 atque
830 3915 904 3982 inde
927 3936 948 3982 a
970 3917 1033 3981 fine
1056 3916 1165 3998 quarti
1192 3915 1309 3997 capitis

133 4027 303 4094 recessisse
325 4030 368 4095 ad
389 4028 532 4111 priorum
555 4028 696 4111 capitum
720 4029 843 4094 alteras
866 4033 977 4108 partes
1000 4026 1257 4094 conscribendas.

239 4139 303 4207 Sed
325 4159 526 4223 quamquam,
556 4139 584 4204 si
607 4139 800 4206 certioribus
827 4139 921 4206 lineis
948 4139 1140 4204 adumbrare
1162 4137 1307 4217 velimus,

131 4249 265 4332 quavis
280 4252 477 4334 excerpserit
500 4251 639 4333 scriptor
661 4257 780 4331 noster,
809 4270 873 4316 non
901 4255 1060 4334 angustus
1084 4268 1215 4332 campus
1238 4268 1309 4315 eon·

130 4359 264 4428 iecturis
287 4367 388 4450 patet,
415 4369 519 4430 artem
546 4362 654 4445 potius
682 4362 845 4430 nesciendi
872 4380 1076 4427 exerceamus
1103 4366 1201 4442 atque
1227 4361 1309 4427 satis

130 4470 224 4538 nobis
255 4473 299 4541 sit
330 4475 577 4555 demonstrasse,
612 4479 765 4555 excerpta
796 4492 878 4561 quae
910 4473 1063 4538 habemus
1095 4471 1128 4538 in
1161 4473 1310 4557 syllogae

130 4582 266 4649 formam
298 4586 431 4652 redacta
457 4586 526 4653 fere
554 4585 660 4653 omnia
687 4585 729 4651 ad
755 4585 835 4650 duos
862 4583 1034 4665 praecipuo
1061 4583 1161 4650 libros
1194 4583 1308 4662 redire,
1412 4656 1415 4661 ,

129 4701 319 4778 excerptore
342 4698 434 4765 modo
457 4698 531 4781 plns
555 4698 648 4764 modo
668 4696 774 4763 minus
797 4715 837 4763 ex
860 4701 996 4776 utroque
1019 4696 1108 4762 fonte
1130 4693 1309 4776 hauriente,
