2948 5160
626 273 849 336 „28-

152 472 189 538 ἕν
212 477 299 560 οἰκίᾳ
322 477 503 568 οἰκουμένῃ,
532 470 761 557 οἷνοιόνόμενος
785 471 907 549 πυκνοῖ,
936 474 955 550 ξ
979 469 1020 531 57
1050 468 1112 536 oc'rt'
1141 468 1243 556 ηὀῦςῖ
1289 467 1327 533 Si

153 579 279 643 omnino
316 578 357 643 ad
391 580 532 644 Aratum
568 579 779 662 confugimus,
814 597 918 643 nonne
960 584 1071 643 nostro
1109 577 1179 642 iure
1220 581 1329 658 postu-

153 689 266 768 lamus
299 695 336 755 (11
368 691 464 756 etiam
493 692 572 756 haec
603 690 814 774 singulariter
840 690 927 755 dicta
949 691 1074 756 Arateo
1103 690 1247 770 exemplo
1275 708 1329 753 ex-

153 800 335 881 plicentur?
386 800 479 886 Quod
511 820 581 867 cum
608 802 679 867 fieri
705 821 769 867 non
796 801 909 883 possit,
941 801 1098 883 reliquum
1131 806 1189 880 est,
1222 805 1259 864 ut
1285 801 1330 865 ad

153 930 349 978 communem
372 912 492 979 fontem
515 914 695 979 redeamus„
728 914 838 994 Atque
861 913 986 994 quidem
1010 917 1043 978 et
1061 916 1189 979 veteres
1212 917 1329 993 poetae

153 1027 186 1088 et
208 1025 380 1104 proverbia
404 1024 543 1089 omnium
576 1044 630 1090 ore
662 1025 743 1090 trita
773 1025 807 1090 in
823 1044 933 1116 causa
960 1024 1060 1090 fuisse
1082 1030 1225 1105 possunt.
1273 1026 1329 1089 Ex
1397 1008 1399 1012 λ

152 1134 257 1214 poetis
281 1141 389 1201 autem
416 1137 457 1201 ad
480 1136 658 1201 Hesiodum
685 1136 822 1201 maxime
845 1136 975 1216 eiusque
998 1135 1153 1201 familiam
1176 1155 1327 1217 provoco,

152 1246 235 1310 unde
250 1253 467 1327 provenerunt
483 1250 768 1340 Ὀρνιθομαντεία,
794 1250 956 1338 Ἐξήγησις
972 1253 1029 1317 ἐπὶ
1045 1263 1188 1339 τέρασιν,
1207 1250 1331 1341 Ἀστρο-

156 1373 254 1446 νομίσ
285 1359 350 1424 alia
378 1358 520 1425 carmina
527 1384 533 1438 ;
567 1360 739 1440 proverbia
765 1359 824 1424 illa
847 1359 924 1423 mihi
946 1360 980 1425 111
1002 1366 1108 1425 mente
1131 1366 1216 1440 sunt,
1245 1379 1331 1440 quae

151 1469 329 1551 antiquitus
369 1491 389 1536 a
420 1471 530 1536 nautis
562 1478 595 1536 11
627 1471 748 1536 colonis
784 1475 965 1554 propagata
1001 1472 1040 1536 de
1078 1472 1329 1553 tempestatibus

151 1581 369 1661 observandis,
398 1582 432 1646 in
455 1582 670 1662 Theophrasti
693 1583 732 1648 de
755 1581 861 1649 ventis
884 1582 1066 1665 fragmento
1090 1583 1179 1649 etin
1202 1586 1331 1665 proble

78 1775 81 1781 .
151 1698 272 1757 matum
296 1693 667 1774 pseudaristotelicorum
691 1695 712 1759 l.
734 1696 863 1761 XXVI
886 1713 949 1759 non
964 1714 1038 1759 raro
1055 1714 1188 1777 aspersa
1204 1701 1290 1760 sunt.
1305 1704 1329 1781 ¹)

151 1801 200 1868 At
223 1803 320 1869 etiam
344 1804 479 1872 altaria
501 1812 602 1887 patet.
638 1808 667 1872 Ε
692 1807 814 1871 duobus
838 1806 990 1887 fontibus
1015 1825 1094 1887 quos
1117 1825 1215 1888 supra
1237 1807 1330 1872 inda-

151 1915 308 1996 gavimus,
349 1916 488 1983 fortasse
527 1918 622 1983 alteri
662 1917 842 2000 singularia
879 1918 938 1982 illa
975 1919 1133 1984 vocabula
1171 1919 1327 1999 imputari

150 2037 294 2112 possunt,
318 2029 509 2112 praesertim
533 2049 603 2095 cum
626 2036 694 2096 tres
717 2031 793 2095 illae
817 2029 948 2109 formae,
973 2049 1053 2111 quae
1077 2030 1213 2096 maxime
1229 2031 1327 2096 offen-

152 2143 240 2221 dunt,
275 2158 474 2232 καομασιας,
511 2158 592 2232 μείς,
630 2146 744 2224 κοιλάς
782 2161 889 2207 omnes
921 2141 1006 2208 inter
1042 2142 1137 2225 signa
1173 2143 1326 2209 sublimia

153 2253 367 2319 inveniantur.
420 2254 484 2320 Sed
515 2252 554 2316 de
585 2251 636 2317 his
668 2251 767 2333 infra;
800 2272 885 2319 nunc
916 2253 998 2319 satis
1026 2253 1069 2318 sit
1101 2256 1328 2335 comprobasse

150 2371 368 2446 excerptorem
399 2365 499 2431 Arati
529 2384 656 2432 carmen
691 2364 725 2429 in
759 2365 905 2430 manibus
940 2384 1003 2430 non
1037 2364 1197 2445 habuisse,
1237 2367 1327 2432 locos

149 2476 298 2543 laudatos
322 2480 494 2562 (§15,18,
519 2479 691 2545 enunciata
713 2477 869 2543 nonnulla
892 2477 1168 2559 paragraphorum
1193 2479 1245 2557 29,
1269 2479 1324 2557 34,

149 2593 399 2678 4111110111(
423 2590 505 2656 libro
529 2610 686 2670 manasse,
711 2609 804 2670 quem
828 2591 955 2655 Aratus
979 2595 1108 2654 secutus
1131 2589 1184 2654 111.

256 2706 327 2769 Iam
350 2721 426 2770 vero
451 2721 502 2767 res
524 2702 596 2783 ipsa
618 2721 677 2767 nos
697 2708 788 2769 vetat
811 2701 956 2784 cogitare
979 2706 1106 2782 poetam
1129 2701 1163 2767 in
1184 2702 1328 2768 carmine

149 2816 311 2882 condendo
346 2815 505 2897 syllogam
540 2820 683 2879 nostram
720 2814 837 2891 adisse,
876 2813 1095 2893 compendium
1134 2813 1201 2878 1111
1239 2816 1328 2879 omni

149 2928 274 2993 ratione
296 2927 495 2992 destitutum.
543 2927 661 2991 Restat
685 2931 719 2990 at
743 2943 891 2990 eruamus
915 2932 1036 3005 quanta
1058 2924 1121 2989 fide
1144 2926 1327 2992 servaverit

149 3041 284 3118 Aratus,
309 3057 390 3119 quae
407 3057 446 3103 ex
462 3037 544 3102 libro
561 3037 737 3118 deperdito,
763 3037 920 3102 communi
935 3037 992 3101 illo
1010 3036 1108 3115 fonte,
1130 3037 1325 3103 illustranda

148 3150 312 3216 delibavit.
360 3150 536 3218 Videamus
568 3149 679 3232 igitur,
713 3155 819 3216 utrum
854 3168 915 3214 uno
948 3149 1008 3213 illo
1038 3148 1121 3213 libro
1154 3155 1322 3215 contentus

149 3261 248 3326 fuerit
271 3267 376 3343 poeta,
401 3281 443 3327 an
468 3261 564 3327 etiam
590 3262 657 3327 alia
677 3262 798 3343 scripta
819 3261 853 3326 in
874 3260 1014 3326 carmine
1033 3262 1201 3342 pangendo
1223 3261 1324 3329 revol-

147 3373 241 3439 verit.
293 3374 367 3438 Duo
399 3373 546 3454 inprimis
578 3379 662 3453 sunt,
691 3374 833 3455 quaein
862 3391 990 3439 censum
1017 3373 1159 3453 veniant,
1188 3372 1327 3439 Hesiodi

143 3799 303 3868 χειμῶνος,
331 3801 436 3868 θέρεος
466 3797 496 3849 δὲ
526 3792 572 3849 ἀπ’
592 3792 720 3867 ἠπείροιο
738 3798 882 3868 μελαίνης.
915 3810 942 3860 p.
962 3793 1024 3845 945ΙΙ
1042 3793 1075 3844 37
1100 3798 1126 3847 εἰ
1152 3791 1179 3847 δ’
1203 3789 1217 3846 ὅ
1243 3791 1327 3854 νότος

146 3888 255 3952 βορέαν
264 3884 503 3954 προκαλέσσεται,
517 3879 618 3934 αὐτίκα
624 3879 741 3954 χειμών
753 3879 814 3930 945b
832 3880 849 3930 2
862 3886 888 3934 εἰ
898 3878 1007 3954 βορρτὶς
1019 3877 1108 3946 πηλόν
1120 3878 1325 3946 καταλήψεται,

148 3966 250 4022 airino
269 3965 387 4040 χειμών
406 4007 412 4020 .
431 3966 492 4017 945³
516 3966 550 4018 29
575 3965 604 4021 εὖ
633 3973 716 4023 πλεῖν
737 3968 919 4044 Ἀρχομένον
942 3988 971 4021 τε
998 3965 1082 4020 νότον
1111 3970 1161 4020 καὶ
1186 3967 1327 4035 λήγοντος

146 4052 341 4128 βορὲ((ο.941·
359 4052 393 4104 20
407 4051 504 4107 οὔκοτε
519 4052 686 4127 νυκτερινὸς
703 4062 807 4128 βορέας
826 4064 924 4126 τρίτον
938 4058 1014 4107 ι”κετο
1031 4061 1150 4126 φέγγος.
1183 4050 1323 4117 Theophr.

148 4139 261 4190 deveni
279 4140 300 4202 Ξ.
315 4138 349 4188 50
368 4144 448 4212 φιλεῖ
462 4143 495 4193 δέ
508 4136 591 4201 νότος
608 4139 680 4213 μετά
698 4139 809 4215 πάχνην
827 4138 898 4210 μετά
909 4139 1000 4213 χιόνα
1019 4139 1102 4201 νότος
1120 4137 1193 4212 μετά
1211 4138 1325 4213 πάχνην

147 4233 254 4298 βορέας
277 4233 363 4279 εἴωθε
388 4233 483 4280 κνεῖν.
529 4225 670 4292 Theophr.
697 4225 731 4277 (]1
755 4227 845 4277 uentis
870 4228 882 4289 1
906 4226 938 4278 51
965 4230 1017 4292 λὶψ
1046 4225 1154 4300 (ἴνεμος
1176 4224 1246 4300 capri
1268 4230 1325 4298 μὲν

148 4316 270 4385 νεφέλας
288 4310 357 4385 ταχύ
379 4311 405 4366 δ’
423 4319 528 4384 utapro
545 4320 634 4378 ποιεῖ,
655 4312 779 4385 (ἷργὲστῃ
801 4311 827 4366 d'
841 4313 938 4386 (ἱνέμῳ
951 4311 1017 4370 κᾶσ’
1037 4317 1135 4369 ἕπεται
1149 4319 1252 4386 νεφέλη
1266 4314 1278 4376 Q
1291 4315 1325 4366 37

148 4401 241 4454 ἕλκων
260 4396 306 4472 ἐφ’
325 4397 413 4454 αὐτόν
432 4397 503 4455 ὥστε
523 4410 640 4463 καικίας
658 4407 742 4475 νέφη.
