2948 5160
584 548 807 616 ..35ω

108 753 211 821 minus
248 773 268 819 a
303 748 430 834 Nigidii
465 755 559 831 parte
595 753 684 814 stare
719 747 862 828 videtur;
900 765 975 812 nam
1010 762 1080 812 cum
1114 740 1281 827 Vergilius

106 868 141 933 in
184 864 368 932 universum
404 862 531 940 doceat,
574 860 650 941 quid
690 859 813 926 falcata
853 859 931 924 luna
975 859 1161 936 obscurata,
1207 855 1283 936 quid

106 980 225 1044 rubore
247 975 370 1042 11111111
393 972 562 1056 significet,
591 971 754 1055 Nigidius,
787 976 823 1035 ut
845 970 982 1035 maxime
1005 970 1111 1036 elucet
1135 988 1152 1034 6
1175 969 1283 1035 verbis

106 1088 193 1171 apud
225 1086 374 1154 Servium
406 1085 517 1150 allatis
549 1089 660 1166 (supra
692 1103 721 1163 p.
756 1084 799 1146 32
832 1082 904 1147 adn.
937 1082 972 1166 4)
1004 1081 1090 1146 inter
1120 1081 1219 1146 imum
1251 1087 1285 1146 et

109 1218 264 1267 summum
297 1217 396 1264 cornu
422 1197 472 1262 ita
497 1194 661 1269 discernit,
694 1202 731 1259 ut
762 1194 900 1259 alterum
933 1192 1119 1258 serenitatis
1146 1192 1284 1258 alterum

111 1310 223 1377 imbris
253 1311 382 1393 signum
410 1326 480 1374 esse
507 1307 596 1374 velit.
643 1305 754 1389 Magis
782 1324 858 1371 vero
885 1303 1096 1388 Nigidianum
1128 1305 1285 1387 originem

113 1425 226 1504 probat
252 1423 338 1487 alter
365 1422 455 1486 locus
479 1419 591 1502 Georg
613 1420 633 1483 Ι
655 1419 720 1481 441
754 1416 831 1496 „ubi
858 1417 917 1482 sub
945 1416 1047 1482 lucem
1075 1417 1174 1482 densa
1200 1417 1286 1483 inter

113 1533 223 1601 nubila
245 1552 316 1599 sese
332 1531 468 1599 Divorsi
483 1535 631 1612 rumpent
654 1528 737 1594 radii
754 1581 760 1592 .
781 1581 787 1594 .
807 1581 812 1592 .
830 1529 932 1593 multa
955 1527 989 1592 in
1004 1527 1100 1594 tectis
1124 1528 1286 1611 crepitans

110 1644 188 1712 salit
209 1644 342 1711 horrida
365 1644 520 1727 grando‘,
545 1643 629 1723 quod
652 1641 780 1724 signum
802 1640 887 1721 apud
903 1642 1045 1705 Aratum
1068 1659 1131 1704 non
1154 1659 1286 1706 comme·

109 1762 264 1837 moratur,
289 1755 468 1823 invenimus
482 1773 560 1821 vero
581 1752 768 1836 grandinem
793 1750 890 1817 iniis
913 1751 1031 1831 verbis
1056 1770 1137 1832 quae
1152 1753 1288 1818 Wachs

108 1868 254 1935 muthius
269 1886 288 1934 e
302 1867 390 1949 Lydi
405 1866 554 1949 congerie
576 1863 784 1948 sagacissimo
800 1863 929 1946 ingenio
945 1862 1124 1930 vindicavit
1139 1863 1286 1949 Nigidio:

110 1980 238 2063 (Lydus
260 1980 299 2045 (16
322 1983 382 2044 ost.
407 1999 439 2060 p.
467 1980 517 2055 le,
545 1978 596 2061 16)
624 1978 692 2058 „dig
721 1977 804 2046 ὅταν
833 1977 980 2062 dolopes
1010 1975 1120 2068 ὥσπερ
1144 1978 1286 2047 ὑπολαν-

117 2096 225 2161 θάνει
249 2105 305 2160 καὶ
327 2096 492 2182 σκορπίζει
517 2094 625 2179 δῆθεν
648 2091 927 2177 ἕκὸιδρασκούσας
950 2101 1007 2158 καὶ
1032 2092 1289 2180 διαρραινούσας

117 2207 188 2271 τῶν
220 2207 326 2289 νεφῶν
350 2206 412 2283 τοὶς
437 2202 575 2281 α’κτῑνας
609 2203 740 2299 χαλάζῃ
776 2201 893 2289 ᾳροῖζει
928 2204 987 2270 τόν
1021 2201 1145 2291 ὄμβρον
1172 2230 1289 2291 καταρ-

118 2313 322 2403 ραγῆσεσθᾳι
338 2327 559 2402 μεμιγμένον.-
584 2312 695 2392 Atque
718 2330 789 2376 cum
812 2309 868 2377 vix
891 2310 998 2376 facere
1020 2311 1187 2392 possimus
1212 2311 1288 2392 quin

118 2423 152 2489 in
166 2424 307 2490 versibus
323 2423 465 2507 Vergilii
484 2425 550 2490 405
565 2442 631 2503 sqq.
647 2442 750 2490 vanas
768 2422 895 2505 Nigidii
914 2423 1159 2504 superstitiones
1175 2443 1289 2506 agnos-

117 2554 232 2615 camus,
256 2534 355 2601 etiam
377 2536 510 2602 tertium
533 2536 711 2616 exemplum
735 2555 755 2599 a
776 2535 1021 2601 Wachsmuthio
1048 2535 1230 2617 appositum
1253 2544 1290 2601 ut
1401 2560 1405 2568 ·

114 2646 157 2712 ad
171 2646 338 2730 Nigidium
362 2648 523 2714 referatur
545 2647 754 2713 concedimus.
793 2645 917 2731 Quibus
938 2648 1083 2714 omnibus
1104 2647 1290 2730 ponderatis

115 2759 354 2825 demonstrasse
368 2760 446 2825 mihi
461 2759 582 2840 videor,
604 2759 788 2843 Vergilium
804 2760 968 2843 signorum
990 2760 1142 2826 maiorem
1165 2767 1291 2843 partem

54 2948 57 2953 ¹
114 2890 156 2936 cx
170 2870 307 2937 Arateis
321 2872 477 2951 hausisse,
501 2872 570 2939 sive
593 2892 633 2938 111
653 2870 779 2955 graecis
795 2871 895 2937 Arati
909 2871 1021 2953 ipsius,
1045 2873 1115 2939 sive
1130 2893 1170 2937 ex
1185 2873 1292 2938 latina

113 2982 276 3051 Varronis
311 2983 446 3049 Atacini
480 2984 636 3063 versione,
669 2985 806 3050 seeundo
838 2985 907 3049 loco
940 2983 1107 3067 Nigidium
1138 2986 1292 3069 Figulum

117 3095 311 3177 respexisse;
344 3095 396 3162 eni
426 3095 567 3162 fortasse
598 3096 751 3177 imputari
783 3101 928 3178 possunt,
963 3116 1043 3177 quae
1070 3097 1292 3163 Democritum
1396 3094 1399 3101 ’

117 3212 246 3272 secutus
261 3206 430 3290 Vergilius
453 3207 492 3272 de
514 3209 611 3273 lunae
633 3208 774 3274 numeris
798 3208 928 3289 scripsit
944 3208 1052 3274 Plinio
1068 3215 1162 3274 16116.
1199 3207 1291 3292 Quod

116 3317 253 3398 denique
274 3317 394 3384 attinet
418 3318 459 3384 ad
482 3325 623 3385 veterem
651 3319 742 3384 illum
767 3319 837 3386 sive
859 3322 958 3385 Arati
991 3319 1060 3386 1111
1082 3322 1293 3402 Excerptoris

117 3428 248 3509 fontem,
273 3449 374 3510 neque
397 3449 438 3496 ex
452 3430 594 3513 Vergilii
618 3430 757 3495 carmine
780 3450 881 3512 neque
904 3450 944 3496 ex
959 3430 1085 3514 Nigidii
1101 3431 1293 3514 fragmentis

118 3540 291 3622 quidquam
313 3541 391 3608 novi
413 3541 522 3607 afferri
545 3548 662 3623 potest.

225 3651 347 3719 Seneca
368 3652 403 3718 in
427 3651 679 3737 Quaestionibus
701 3653 917 3719 Naturalibus
940 3673 1044 3735 pauca
1065 3660 1293 3737 tempestatum

119 3763 214 3846 signa
235 3763 383 3846 protulit,
396 3771 418 3849 ¹)
441 3766 498 3831 sed
521 3765 630 3830 eadem
647 3770 712 3830 tam
735 3765 892 3848 volgaria,
918 3772 954 3831 nt
969 3766 1067 3832 risum
1084 3786 1292 3845 moveremur,

119 3873 148 3939 si
175 3893 216 3941 ex
242 3876 372 3958 sylloga
399 3877 537 3957 quadam
565 3877 729 3959 signorum
757 3895 828 3940 eum
854 3876 914 3941 illa
945 3877 1065 3958 petisse
1098 3884 1292 3959 putaremus.

120 3985 258 4052 Accedit
281 3988 364 4068 quod
380 3987 521 4071 Vergilii
546 3987 778 4069 Georgicorum
802 3992 978 4053 tractatam
1000 3988 1090 4053 illam
1113 3995 1238 4070 partem
1262 3990 1295 4055 in

120 4097 222 4179 primo
251 4097 334 4164 libro
362 4098 422 4178 bis,
450 4099 484 4164 in
512 4099 646 4180 septimo
674 4106 726 4164 ter
752 4100 874 4165 laudat.
925 4100 981 4165 Ad
1007 4100 1167 4181 perditum
1193 4100 1296 4184 igitur

119 4208 212 4274 illum
243 4210 282 4275 de
314 4210 417 4294 siguis
449 4209 567 4276 librum
598 4210 827 4276 illustrandum
858 4210 939 4276 nihil
971 4212 1052 4276 lucis
1085 4231 1126 4276 111
1156 4212 1296 4278 Senecae

121 4320 362 4402 quaestionibus
385 4321 565 4405 effulgebit,
590 4322 646 4386 sed
668 4329 776 4387 tamen
799 4327 832 4388 61
854 4323 904 4388 illi
928 4323 1010 4389 libro
1035 4328 1068 4389 et
1083 4330 1215 4390 nostrae
1234 4323 1296 4389 toti

225 4606 371 4674 ι11111
396 4607 1298 4676 --11,1-1,1,1-11-11,1-111,1-111,1

122 4693 331 4760 -vuas,1.

1079 4798 1115 4855 3*
