2948 5160
713 220 756 285 aa
803 260 845 270 -„

57 444 60 451 ·
150 419 219 500 ipse
242 418 406 501 signorum
430 418 506 483 ordo
530 418 702 499 conspiret.
739 420 807 484 Iam
833 437 902 484 cum
919 417 951 483 in
975 416 1073 483 titulo
1097 417 1192 484 liuius
1207 417 1328 500 capitis

151 530 296 612 legamus
321 542 399 622 Περὶ
415 537 471 621 τῆς
487 546 702 623 προσηγορίας
718 537 785 600 τῶν
802 532 936 619 dripere>
951 543 1008 598 καὶ
1024 532 1122 599 πόσοι
1139 544 1196 599 καῖ
1212 533 1329 601 πόθεν

152 648 283 722 ἕκαστος
318 661 396 712 πνεῖ
425 663 431 675 ·
461 655 641 722 Διονυσίου,
679 640 871 725 Dionysium
907 640 1008 720 illum,
1049 660 1140 723 quem
1172 642 1328 723 Meyerus

152 752 275 818 censuit
288 761 309 837 ¹)
336 754 469 818 eundern
497 772 567 818 esse
594 753 648 833 qui
676 755 849 836 Magonem
878 753 1058 832 transtulit,
1066 758 1093 837 ²)
1120 753 1328 819 statuendum

151 870 237 929 esset
260 864 467 946 prognostica
490 864 549 930 illa
571 864 603 930 in
621 865 815 945 Geoponicis
831 865 923 930 nobis
947 871 1079 931 servata
1101 864 1194 945 quasi
1213 863 1328 929 furtim

120 966 421 1056 'transcripsisse
469 977 532 1043 Sed
564 977 668 1060 magis
700 979 808 1058 placet
839 976 905 1042 alia
937 975 1032 1041 ratio.
1081 975 1209 1042 Gemoll
1243 976 1329 1041 enim

152 1086 352 1169 (Geoponica
366 1107 396 1169 p.
416 1090 470 1173 73)
491 1089 650 1156 Varronis
674 1091 783 1156 verbis
805 1089 901 1153 nixus
921 1089 1006 1170 apud
1026 1087 1179 1154 Senecam
1202 1093 1327 1168 quaest.

151 1204 218 1264 nat.
244 1200 275 1267 V
295 1202 344 1279 16,
368 1201 423 1265 3·(i
439 1201 620 1282 adscriptis,
645 1209 813 1267 ventorum
836 1199 1092 1281 descriptionem,
1117 1199 1150 1264 in
1175 1217 1239 1280 qua
1261 1217 1331 1265 ver-

152 1317 244 1376 satur
258 1311 349 1392 prius
364 1311 468 1376 nostri
484 1313 600 1394 capitis
615 1313 788 1392 dimidium,
805 1312 970 1396 ingeniose
983 1311 1122 1379 Varroni
1138 1309 1329 1377 vindicavit.

152 1421 216 1489 Sed
248 1442 305 1489 cur
336 1443 400 1488 non
427 1423 525 1490 etiam
554 1425 692 1492 alterum
716 1424 879 1490 dimidium
904 1422 1045 1492 Varroni
1069 1421 1229 1503 tribuerit,
1265 1440 1328 1487 nou

152 1534 255 1599 liabeo
280 1533 394 1599 dicere.
443 1535 528 1603 Sane
551 1537 631 1602 nihil
654 1536 798 1617 impedit,
828 1535 997 1617 quominus
1019 1539 1123 1599 totum
1146 1534 1206 1599 hoc
1229 1538 1332 1615 caput

152 1645 352 1712 undecimum
387 1646 642 1729 Geoponicorum
675 1649 716 1713 ad
750 1647 907 1714 Varronis
942 1646 1145 1728 ephemerida
1178 1645 1332 1710 navalem

152 1757 338 1837 referamus,
366 1758 421 1824 ubi
444 1760 534 1827 venti
556 1760 757 1841 aptissimum
781 1761 886 1825 locum
908 1760 1038 1824 habent.
1084 1759 1134 1823 At
1155 1756 1332 1822 intercedit

153 1869 258 1934 media
279 1869 375 1935 huius
398 1871 515 1953 capitis
538 1872 638 1938 sectio
655 1875 684 1937 d.
709 1877 769 1943 cdv
792 1878 827 1941 δὲ
853 1878 990 1962 ζέφυρον
1006 1874 1160 1961 συνεργόν
1183 1871 1273 1938 εἶναι
1289 1873 1333 1969 τῇ

153 1996 292 2072 γεωργίᾳ
308 1985 439 2069 μᾶλλον
461 1991 529 2054 τῶν
546 1985 660 2055 ἄλλων
683 1988 823 2054 πάντων
839 1986 974 2072 drenow
990 1984 1082 2052 καὶὸ
1103 1983 1331 2070 Φλωρεντῐνός

154 2117 232 2181 φησι
255 2106 312 2161 καὶ
336 2100 428 2183 ἡμεῖς
452 2101 739 2185 συνομολογοῦμεν,
777 2095 888 2178 Magis
916 2095 1017 2177 igitur
1040 2094 1069 2158 F
1071 2093 1251 2158 lorentillus
1273 2091 1332 2156 ille

153 2202 370 2283 respiciendus
393 2224 463 2271 esse
483 2206 612 2273 videtur
634 2226 728 2289 quam
745 2208 860 2275 Varro.
897 2207 949 2271 De
964 2205 1154 2271 Florentino
1178 2221 1273 2283 quem
1296 2201 1332 2267 in

155 2313 348 2395 Geoponicis
371 2316 508 2399 legimus
537 2318 698 2402 Georgica
721 2319 929 2402 scripsisse,³)
957 2318 1110 2399 Meyerus
1134 2315 1168 2381 in
1191 2313 1333 2380 historia

153 2425 304 2492 butanica
332 2429 381 2512 (II
405 2449 435 2510 p.
461 2432 539 2515 218)
566 2433 645 2498 haec
672 2432 809 2514 profert:
845 2432 924 2496 Man
957 2430 1046 2495 kann
1078 2427 1130 2493 die
1159 2425 1332 2509 Georgika

154 2537 209 2602 des
232 2539 441 2606 Florentinus
465 2543 515 2607 als
538 2543 590 2608 die
614 2544 805 2627 Grundlage
828 2544 885 2608 der
909 2540 1100 2624 Geopouika
1127 2537 1331 2617 betrachten,

154 2647 237 2713 deun
265 2648 331 2715 fast
358 2651 410 2717 bei
433 2653 526 2736 Jeder
553 2654 694 2721 Materie
726 2657 823 2735 steht,
855 2674 923 2719 was
951 2651 1160 2719 Florentinus
1190 2650 1333 2714 dariibor

154 2765 238 2841 sagt,
261 2779 372 2828 voram.
405 2764 509 2848 Quam
526 2767 651 2832 laudem
667 2768 716 2832 ita
731 2765 964 2833 circumscribit
981 2764 1108 2831 Gemoll
1124 2763 1145 2827 l.
1164 2761 1185 2826 l.
1203 2779 1232 2841 p.
1256 2762 1295 2824 li
1303 2762 1331 2839 1,

155 2875 191 2935 ut
214 2891 234 2935 a
257 2871 441 2955 Geoponioo
464 2876 661 2944 demonstret
684 2898 747 2945 non
770 2879 874 2960 ipsum
890 2877 1113 2943 Florentinum
1135 2873 1330 2940 advocatum

155 3000 234 3062 esse,
268 2985 323 3050 sed
346 2987 538 3054 Anatolium
570 2991 624 3070 qui
652 2991 834 3057 Florentini
867 3009 961 3071 opere
988 3005 1142 3070 persaepe
1168 3002 1247 3049 usus
1277 2984 1328 3049 sit.

156 3092 247 3176 Quae
280 3115 349 3161 cum
376 3097 425 3171 ita
452 3101 527 3181 sint,
560 3121 613 3168 res
644 3104 716 3184 ipsa
747 3123 810 3168 nou
842 3108 996 3169 mutatur.
1043 3099 1090 3165 Ut
1123 3096 1206 3162 enim
1238 3096 1326 3176 prius

154 3206 257 3270 nostri
280 3209 397 3290 capitis
419 3211 593 3294 dimidium,
622 3215 670 3280 ita
693 3216 791 3281 etiam
814 3215 975 3296 posterius
998 3232 1038 3278 ex
1061 3208 1221 3279 Varronis
1245 3208 1323 3275 libro

154 3325 339 3399 excerptum
363 3320 520 3390 Cassiano
544 3326 649 3392 Basso
673 3347 693 3392 a
716 3327 904 3392 Florentino
928 3324 1014 3390 tradi
1037 3326 1174 3404 poterat.

158 3504 161 3511 ,
262 3429 324 3497 Sed
362 3433 414 3499 hic
452 3436 672 3503 subsistamus.
732 3438 884 3521 Vestigia
921 3437 1005 3503 enim
1043 3431 1201 3514 deperditi
1239 3430 1331 3495 illius

157 3629 226 3636 ——.
241 3632 260 3637 -
267 3632 363 3640 ...-—..

261 3753 280 3816 ¹)
301 3752 465 3810 Geschiclrte
484 3759 533 3810 der
552 3761 672 3813 Botanik
692 3761 704 3812 l
721 3779 748 3827 p.
767 3762 827 3814 301.

258 3841 280 3901 ²)
301 3840 371 3893 Pliu.
392 3850 447 3895 nat.
468 3844 534 3897 hist.
554 3846 567 3896 I
588 3847 628 3912 18Ὶ
653 3848 738 3898 index
758 3856 903 3900 auctorum
929 3852 1010 3912 atque
1030 3844 1128 3907 Varro,
1154 3841 1187 3892 de
1207 3856 1237 3891 re
1255 3846 1327 3891 rusl-

155 3921 178 3986 Ι,
199 3923 212 3973 l
232 3922 290 3976 Hos
309 3924 454 3981 nobilitate
467 3930 548 3999 Mago
562 3931 804 4001 Carthaginiensis
823 3933 976 4002 praeteriit,
996 3930 1118 3982 Poenica
1135 3928 1234 3994 lingue
1251 3924 1329 3993 quod

132 4006 135 4013 '
156 4023 201 4060 res
221 4009 365 4079 dispersas
384 4016 560 4083 comprendit
577 4018 626 4070 lib.
647 4018 759 4084 XXllX,
783 4035 854 4088 qnos
874 4016 991 4070 Cassius
1009 4016 1166 4082 Dionysius
1185 4011 1327 4064 Uticensis

156 4096 239 4148 uertit
258 4095 305 4149 lib.
325 4098 374 4150 XX
392 4116 493 4165 graeca
516 4102 621 4169 lingua.
658 4105 749 4158 Hosoe
774 4108 854 4175 ipsos
880 4103 985 4157 utiliter
1003 4102 1038 4154 ad
1057 4101 1093 4151 Vl
1112 4100 1200 4151 libros
1219 4094 1329 4164 redegit

155 4179 319 4249 Diophanes
339 4187 367 4236 in
387 4185 528 4255 Bithynia.
1059 4200 1062 4205 ’

260 4270 282 4335 ⁸)
303 4268 457 4339 Geoponic.
474 4275 510 4327 ix
525 4276 565 4343 14,
581 4278 594 4329 l
611 4283 812 4354 Φλωρεντῖνος
826 4282 858 4333 ἐν
870 4285 907 4349 τῴ
922 4276 960 4333 ια’
970 4281 1069 4346 βιβλίῳ
1083 4279 1140 4329 τῶν
1153 4272 1328 4345 νὲωθῖὖκῶν

155 4376 253 4409 swwvo
