2948 5160
590 582 811 648 ..23-

115 789 177 854 εὀὶν
200 789 256 853 εἰιῐ
290 786 476 852 θάλασσαν
505 782 684 867 πετόμενος
716 785 783 872 βοᾷ
809 781 940 867 μᾶλλον
967 776 1088 858 ὕδατος
1116 774 1292 867 σημεῖονῆ

114 900 315 984 πνεύματος)
340 906 397 962 καὶ
421 892 505 972 ὅλοις
527 897 619 974 βοοῖν
642 891 812 978 αἰέμοῖὸες
835 909 908 955 eum
931 894 964 973 (ξ
983 882 1040 973 28)
1062 878 1198 979 λριοδιός
1218 888 1290 956 οἷπό
1415 928 1418 935 ,

12 1075 14 1079 ,
115 1012 294 1096 θαλάσσης
310 1008 487 1092 πετόμενος
502 1015 559 1070 καὶ
572 1007 662 1083 βοοῖν
677 1005 865 1090 πνεύματος
882 1004 1017 1092 σημεῖόν
1032 1005 1099 1069 ἔστι
1115 1021 1120 1032 ·
1134 1012 1191 1068 καὶ
1207 998 1291 1080 ὅλοις

116 1127 207 1201 βοῶν
223 1131 308 1205 μέγα
325 1117 497 1205 α’νεμιόὸης
512 1112 569 1178 ubi
590 1111 785 1178 nitidissima
808 1130 862 1177 ars
884 1110 1032 1179 variandi
1048 1110 1141 1177 nobis
1156 1109 1292 1191 arridet;

118 1229 228 1296 confer
250 1227 346 1293 ctiam
368 1226 446 1310 §42
470 1243 541 1290 cum
564 1224 644 1308 §54
667 1222 723 1289 ubi
745 1224 824 1289 haec
847 1223 881 1289 in
903 1223 1015 1304 primis
1038 1223 1200 1290 artissime
1219 1241 1291 1304 cog-

119 1347 196 1406 nata
208 1345 295 1419 sunt;
311 1339 417 1419 priore
432 1337 516 1403 loco:
535 1341 651 1422 λύχνος
664 1337 778 1416 εόδίας
790 1337 945 1426 ἡσυχαῑος
958 1339 1131 1425 καιόμενος
1143 1341 1289 1424 χειμῶνα

121 1467 268 1541 σημαίνει
284 1451 387 1515 aliero
403 1449 473 1522 1000
489 1451 607 1534 λύχνος
622 1452 781 1533 χειμῶνος
806 1450 980 1534 καιόμενος
1003 1449 1156 1539 ἤσνχαῐος
1172 1448 1290 1517 εὐδίαν

120 1578 278 1652 σημαίνει.
332 1559 438 1644 Quam
461 1557 588 1625 sordide
606 1563 713 1623 autem
731 1558 824 1623 homo
844 1557 901 1623 ille
919 1565 1071 1640 excerpta
1089 1577 1149 1624 sua
1169 1558 1291 1624 chartis

116 1673 268 1753 disserit,
284 1691 324 1738 ex
338 1672 390 1738 his
406 1670 561 1752 exemplis
573 1669 755 1752 apparebit:
773 1676 806 1754 (ς
818 1672 851 1755 3)
867 1675 910 1740 τοὶ
929 1685 1009 1760 pepp
1026 1685 1226 1761 προσπίπτει
1240 1727 1245 1738 .
1262 1727 1267 1738 .
1284 1727 1290 1738 .

116 1799 172 1855 καὶ
189 1843 195 1855 .
211 1843 217 1854 .
234 1843 239 1854 .
259 1787 561 1874 σῖντιμεθίσιανται
580 1839 585 1850 .
602 1840 607 1850 .
624 1782 705 1871 {uoci
722 1790 767 1863 εἰς
784 1786 825 1851 cu?
844 1786 936 1851 κοῖλα
955 1775 1149 1868 συγκαθίζει
1168 1839 1173 1849 .
1192 1787 1223 1865 (ξ
1236 1783 1293 1864 34)

117 1908 152 1967 αἱ
177 1903 313 1986 νεφίλαι
347 1900 383 1964 ἐκ
414 1901 482 1965 τοῖν
513 1894 659 1963 όντισθεν
691 1899 903 1985 προσίζουσαι
935 1907 992 1962 καὶ
1021 1894 1167 1964 όιιισίίεν
1199 1921 1293 1963 πνευ-

117 2016 264 2089 σοίινιαι,
286 2026 328 2072 ex
343 2006 610 2072 antecedentibus
626 2006 743 2094 ἄνεμοι
760 2004 974 2070 subaudiebat
990 2005 1188 2086 compilator.
1213 2011 1233 2088 ξ
1249 2007 1292 2069 39

119 2123 247 2213 όρχιλος
279 2122 390 2189 εἰσιών
412 2131 468 2187 καὶ
496 2121 703 2206 εἰσόυόμενος
731 2126 777 2198 εἰς
805 2118 895 2198 όποές
921 2124 1069 2206 χειμῶνα
1099 2132 1292 2207 σημαίνουσι

121 2246 177 2301 καὶ
202 2235 336 2323 ἐριθεός
355 2235 408 2313 ¹·(§
430 2232 487 2314 41)
510 2233 667 2320 πρόβατα
696 2233 760 2300 dciv
782 2237 873 2321 πρωῒ
892 2230 1048 2319 σ’χεόηται
1077 2233 1203 2321 πρώϊον
1229 2259 1290 2316 χει·

121 2350 217 2432 μῶνα
242 2357 433 2432 σημαίνουσι
457 2347 489 2424 (ξ
513 2342 568 2424 36)
596 2349 625 2410 ci
653 2351 716 2429 μὲν
739 2341 836 2410 ἄλλοι
860 2340 985 2430 όὶνεμον
1012 2342 1072 2428 οἶμ’
1096 2347 1226 2411 ἑαυτῶν
1249 2344 1291 2410 τοὶ

123 2469 201 2545 νίηοη
230 2458 358 2525 docum
386 2469 519 2534 καικίας
547 2456 584 2521 δὲ
610 2457 711 2542 μόνος
739 2465 851 2524 πνέειν
878 2462 923 2533 εἰς
951 2457 1073 2522 ἑαυτόν
1092 2510 1097 2521 .
1115 2459 1146 2536 (ξ
1170 2454 1226 2536 35)
1249 2453 1295 2521 τό

120 2570 297 2655 πνεύματα
310 2622 316 2634 ,
328 2623 334 2634 .
348 2621 354 2634 .
366 2569 638 2654 μεταβάλλουσιν·
650 2574 695 2645 είς
705 2570 780 2644 τοῦς
790 2569 962 2653 ε’χομίνους
977 2564 1116 2647 (scilicet
1127 2565 1294 2653 α’νὲμους).

120 2679 263 2763 Quorum
291 2675 549 2743 soloecismorum
577 2695 753 2756 numerum,
781 2694 970 2759 quamquam
999 2674 1153 2742 facillime
1180 2676 1294 2759 augeri

119 2797 241 2874 potest,
274 2794 382 2855 tamen
413 2795 491 2871 puto
519 2788 667 2855 sulficere
694 2793 730 2854 ut
759 2789 984 2869 comprobetur
1011 2789 1184 2855 cavendum
1214 2807 1294 2868 esse,

119 2923 159 2968 ne
185 2903 228 2968 ad
255 2901 407 2967 amussim
434 2901 542 2982 legum
571 2900 853 2984 grammaticarum
881 2905 1006 2966 textum
1028 2900 1123 2967 huius
1147 2901 1295 2984 syllegae

121 3015 301 3098 exigamus;
334 3013 429 3079 immo
462 3031 533 3078 cum
564 3012 598 3078 in
621 3012 711 3080 vitiis
737 3012 879 3096 vestigia
910 3012 1083 3094 primariae
1115 3012 1295 3093 scripturae

123 3125 257 3205 lateant,
284 3143 380 3206 saepe
407 3143 469 3206 quo
492 3125 564 3206 quis
591 3125 680 3191 locus
707 3124 752 3190 sit
781 3124 971 3219 corruptior,
1000 3143 1037 3190 eo
1065 3124 1196 3206 propius
1223 3143 1294 3189 eum

127 3237 239 3302 abesse
261 3255 281 3302 a
302 3236 440 3320 genuino
456 3236 614 3318 deperditi
636 3237 713 3302 libri
734 3243 837 3302 textu.
877 3236 961 3304 Sunt
980 3255 1058 3303 sanc
1081 3236 1183 3302 etiam.
1201 3236 1298 3302 libra-

122 3347 243 3414 riorum
264 3346 427 3414 erroribus
448 3349 605 3415 nonnulla
626 3349 822 3430 imputanda.

609 3652 812 3660 m

609 3662 812 3670 m

169 3922 321 4008 Auum
348 3922 602 4009 prosumus
629 3921 975 4008 EXCERPTOREM
1002 3922 1104 4009 NON
1132 3923 1260 4013 usum

440 4060 550 4146 ESSE
578 4059 973 4147 DEMONSTRATUR.

231 4251 312 4318 Oum
340 4252 439 4335 vulgo
471 4251 623 4318 credatur
649 4252 792 4318 Aratum
820 4251 1035 4332 Theophrasti
1067 4251 1194 4336 integro
1222 4267 1297 4345 περὶ

123 4380 265 4455 σημείων
297 4363 380 4430 libro
413 4382 503 4429 usum
537 4363 728 4429 Diosemeas
765 4363 953 4443 condidisse,
982 4363 1178 4432 Valentinus
1209 4365 1297 4431 Rose

122 4480 346 4558 excerptorum
361 4475 622 4557 compositionem
637 4473 687 4540 bis
699 4474 741 4540 ad
751 4474 910 4539 Arateum
926 4477 1104 4557 exemplum
1117 4476 1296 4542 revocavit:

123 4587 243 4671 (Arist.
261 4592 369 4669 pseud.
387 4610 418 4672 p.
436 4587 514 4672 245)
532 4605 623 4668 „cum
639 4585 671 4651 in
689 4591 843 4667 quattuor
862 4585 989 4652 ordines
1010 4587 1104 4671 signa
1126 4587 1298 4653 secundum

123 4699 272 4766 effectum
303 4700 429 4766 Arateo
463 4698 609 4781 exemplo
642 4697 920 4764 distraherentur“
954 4703 1051 4779 atque
1082 4699 1179 4780 paulo
1215 4699 1302 4766 infra
