2948 5160
618 569 840 633 *25-

247 766 329 833 Inde
361 787 381 832 a
411 784 442 833 v.
473 766 537 832 008
569 765 663 848 signa
695 765 867 831 secundum
899 764 1030 831 effectus
1064 764 1213 833 ordinata
1245 783 1316 847 pro·

142 879 299 958 feruntur,
330 884 427 967 atque
451 876 574 959 quidem
598 882 765 942 ventorum
790 896 890 958 usque
913 878 954 942 ad
977 897 1006 943 v.
1033 880 1107 958 932,
1131 878 1317 960 pluviarum

141 992 315 1070 6616081,
333 988 517 1056 serenitatis
534 1007 633 1069 usque
649 990 734 1056 adv.
756 992 849 1060 1012,
867 997 1094 1071 tempestatum
1111 991 1153 1055 ad
1169 1011 1199 1056 v.
1221 991 1316 1068 1043,

142 1103 257 1167 hiemis
280 1108 376 1183 atque
398 1100 534 1169 aestatis
558 1102 721 1181 usquead
744 1122 775 1168 v.
803 1103 897 1180 1103,
926 1082 1129 1182 tempestatis
1153 1121 1253 1183 usque
1277 1102 1318 1166 ad

143 1213 238 1278 finem
262 1233 292 1278 v.
320 1214 413 1292 1141,
441 1211 498 1277 ubi
525 1211 558 1276 in
586 1212 769 1279 universum
794 1232 897 1294 pauca
920 1212 958 1278 de
982 1213 1084 1295 signis
1108 1213 1318 1280 observandis

146 1325 291 1391 admonet
307 1329 402 1405 pocta
414 1330 447 1389 61
462 1329 584 1404 quanta
595 1324 629 1389 vi
645 1325 688 1389 sit
700 1325 898 1391 novilunium
909 1325 1082 1406 praedicat.
1110 1325 1193 1392 Sunt
1208 1331 1316 1390 antem

145 1437 298 1516 pleraque
321 1436 415 1519 signa
430 1441 570 1514 terrena,
596 1435 720 1502 scilicet
736 1438 776 1502 ab
793 1436 985 1502 animalibus
1001 1442 1034 1501 61
1050 1437 1181 1502 lucerna
1200 1437 1316 1518 petita;

144 1548 291 1612 sublimia
323 1568 437 1628 pauca,
471 1566 552 1628 quae
580 1546 733 1630 fulgetris
761 1549 866 1613 stellis
894 1547 1150 1613 discurrentibus
1178 1549 1317 1614 nubibus

142 1659 356 1739 continentur,
390 1664 545 1740 quattuor
576 1659 717 1740 priorum
751 1660 927 1725 sectionum
953 1660 1127 1724 traduntur
1155 1660 1252 1724 semel
1281 1660 1314 1724 in

140 1769 212 1850 fine,
246 1776 297 1836 ter
329 1770 365 1836 in
396 1770 490 1836 initio
524 1770 575 1855 (cf.
604 1790 634 1837 v.
669 1773 798 1851 02041,
833 1773 953 1836 988-98
989 1772 1182 1852 Praesaepis
1220 1771 1316 1854 signa

140 1881 311 1962 iterantur,
339 1883 503 1968 1013-20).

249 1993 342 2076 Quae
355 1994 549 2060 Arateorum
566 1995 729 2061 enarratio
746 1995 891 2061 omnibus
912 1995 1119 2077 persuadebit
1135 1993 1318 2075 excerptori

142 2126 213 2171 cum
231 2106 356 2172 Arateo
373 2105 482 2171 ordine
497 2106 566 2172 fere
588 2106 668 2171 nihil
685 2126 849 2172 commune
865 2126 948 2187 esse,
973 2107 1006 2172 in
1022 2108 1082 2172 hoc
1098 2126 1160 2172 uno
1177 2107 1318 2172 Aratum

144 2237 214 2283 cum
238 2217 397 2298 excerptis
413 2218 607 2299 conspirare,
631 2219 716 2300 quod
732 2218 826 2302 signa
846 2219 965 2300 partim
982 2217 1154 2284 secundum
1170 2218 1318 2283 effectum

146 2327 288 2410 digessit.
336 2328 458 2395 Contra
480 2349 557 2396 vero
582 2329 688 2396 omnia
710 2331 801 2410 vitia,
830 2331 863 2395 in
892 2315 975 2412 quae
998 2336 1167 2411 excerptor
1194 2329 1316 2408 incidit,

145 2441 271 2505 Aratus
295 2440 413 2521 optime
434 2440 555 2508 vitavit
578 2447 685 2531 atque,
709 2443 793 2523 quod
809 2443 939 2507 maximi
955 2447 1005 2508 est
1020 2441 1180 2520 momenti,
1204 2441 1318 2506 hiemis

143 2550 314 2633 praesagia
340 2553 438 2618 certis
465 2552 582 2619 finibus
610 2574 630 2619 a
661 2560 890 2635 tempestatum
922 2553 1139 2638 prognosticis
1167 2553 1317 2619 seiunxit.

141 2663 227 2729 Nam
255 2682 446 2745 quamquam
478 2665 591 2731 hiemis
623 2665 717 2749 signa
749 2667 783 2732 in
815 2666 927 2732 mediis
959 2671 1187 2747 tempestatum
1216 2665 1318 2748 signis

140 2773 287 2854 inseruit,
311 2775 385 2841 inde
408 2796 429 2842 a
451 2796 547 2843 versu
566 2779 652 2844 1044
675 2796 775 2858 usque
798 2777 1100 2844 61161103611611
1124 2777 1213 2842 aliud
1237 2777 1315 2860 egit,

140 2905 235 2966 quam
260 2892 296 2952 ut
318 2887 431 2954 hiemis
455 2895 487 2954 et
511 2890 648 2955 aestatis
671 2889 871 2955 condiciones
884 2889 1079 2972 explicaret;
1105 2895 1203 2978 atque
1217 2891 1319 2971 prius·
1343 2955 1345 2960 ,

142 3017 236 3077 quam
264 2998 385 3065 rediret
417 3001 458 3066 ad
485 3002 698 3082 procellarum
726 3002 898 3084 praesagia
925 3001 1075 3067 universe
1102 3001 1319 3083 pronuntiatis

143 3109 193 3173 his
220 3111 389 3177 sententiis
417 3113 644 3194 praecedentia
677 3114 927 3194 asequcutibus
960 3113 1138 3194 separavit:
1171 3133 1202 3180 v.
1234 3115 1316 3178 1101

147 3221 239 3291 Οὕτω
252 3227 315 3312 χοὶρ
325 3238 454 3316 μοχεροῐ
467 3238 524 3293 καῖ
537 3227 701 3316 οἷλημονες
712 3226 862 3296 ἄλλοθεν
875 3226 971 3295 ἄλλοι
986 3230 1111 3314 §cicuta
1120 3227 1299 3317 ἄνθρωποι
1312 3282 1318 3293 .

142 3336 184 3401 τοὶ
210 3338 246 3402 δὲ
270 3339 341 3426 adp
365 3349 443 3404 αοσῐ
466 3339 591 3418 πάντες
607 3344 729 3424 ἑτοῖμοι
751 3341 869 3427 σήματ’
886 3341 1070 3422 ἐπιγνῶναι
1088 3351 1144 3406 καὶ
1160 3341 1319 3406 {coccina

141 3449 364 3535 ποιήσασθαι.
422 3446 517 3531 Quid,
551 3447 635 3529 quod
667 3467 724 3513 eae
755 3446 846 3528 ipsae
877 3453 997 3528 partes,
1035 3465 1114 3529 quas
1147 3448 1318 3513 secundum

141 3554 288 3622 effectum
313 3557 478 3624 ordinatas
502 3559 631 3624 exhibet
654 3559 790 3639 Aratus,
819 3559 948 3624 minime
971 3578 1042 3624 cum
1065 3561 1226 3641 excerptis
1249 3579 1319 3625 con·

141 3673 284 3749 gruunt?
319 3670 411 3735 Duos
427 3675 554 3736 tantum
570 3672 657 3736 locos
673 3671 751 3735 milri
767 3672 913 3754 contigit,
931 3680 968 3737 ut
983 3673 1166 3752 reperirem,
1183 3691 1317 3752 quornm

141 3779 309 3860 dispositio
333 3781 533 3863 conspiraret
556 3802 626 3848 eum
647 3790 871 3864 excerptorum
887 3783 1111 3864 collocatione;
1136 3784 1210 3850 inde
1233 3784 1316 3849 enim

140 3908 160 3955 a
188 3909 284 3956 versu
313 3893 377 3957 042
401 3901 689 3960 commemorantur
721 3900 874 3982 λιμναῑοιι
907 3896 959 3984 ἠδ’
994 3901 1143 3966 εἰνάλιαι
1172 3897 1316 3989 ὄρνιθες,

140 4007 317 4089 χελιδόνες,
339 4019 479 4097 πατίρες
494 4021 635 4098 χνρίνων
651 4013 784 4089 (lunae),
801 4010 941 4097 ἐρημαίη
959 4009 1135 4093 clodomir,
1153 4014 1316 4099 λακέρυζα

140 4119 275 4206 κορώνη,
315 4117 431 4195 quibus
463 4120 661 4198 respondent
692 4117 726 4182 in
760 4117 923 4200 excerptis
956 4125 987 4201 (ξ
1022 4121 1076 4203 10)
1110 4119 1243 4210 ὄρνιθες
1271 4125 1316 4212 pp*

140 4228 177 4295 ἐν
215 4225 315 4295 ὕδατι
353 4235 512 4311 βιοῦντες,
557 4234 661 4320 ηρύνη
706 4236 863 4320 λουομένη
903 4244 961 4299 καὶ
999 4235 1173 4320 βάτραχοι,
1218 4237 1318 4302 σαλα-

139 4340 285 4428 μοῖιιόρα,
296 4344 420 4431 χλοιρός
432 4345 611 4433 βάτραχος,
628 4347 804 4428 χελιδόνες,
821 4349 912 4425 βοῦς,
924 4346 1047 4434 κορώνη
1061 4348 1317 4437 λακερνζομένη·

140 4453 239 4528 atque
266 4453 415 4517 versibus
443 4455 562 4519 (llo-'lx
592 4462 710 4543 νῆσσαι
738 4464 886 4546 οἰκονροῐ,
920 4456 1109 4545 ὑπωρόφιοί
1136 4485 1171 4523 τε
1198 4462 1319 4527 κολοιοὶ

141 4560 322 4652 Ἐρχόμενοι
346 4569 433 4633 κατοὲ
457 4584 569 4650 χεῐσσα
594 4569 807 4636 τινάσσονται
830 4569 1043 4657 πτερύγεσσιν
1062 4565 1132 4633 ’Ἢ
1151 4572 1208 4639 ἐπὶ
1228 4575 1318 4659 κῦμα

43 4734 45 4745 ,
141 4676 253 4742 διώκει
285 4678 420 4766 ἐρωδιός
450 4678 509 4758 (1ξύ
543 4680 685 4767 λεληιιοῖς
714 4678 912 4758 respondent
943 4682 975 4761 (ὅ
1002 4678 1054 4762 18)
1082 4692 1140 4748 καὶ
1167 4682 1188 4770 ἦ
1216 4688 1318 4770 νῆττα

1101 4803 1153 4860 2ss
