2948 5160
618 202 839 295 ..20-

252 425 346 506 Ecce,
360 425 562 506 exploratum
574 425 728 491 habemus
738 443 817 492 vora
826 425 1005 506 professum
1017 442 1087 490 esse
1098 429 1317 506 excerptorem

144 535 408 617 prooemiantem:
433 535 499 602 alia
514 536 555 601 ab
571 535 655 616 aliis,
680 541 777 618 atque
792 535 918 617 quidem
941 540 979 601 ut
1000 554 1059 602 nos
1082 537 1230 604 evincere
1252 541 1317 603 stu·

146 646 271 712 duimus
294 667 314 712 a
337 647 461 714 duobus
488 646 700 728 scriptoribus
727 667 791 713 non
818 646 1015 730 ignobilibus
1042 652 1217 727 mutuatae,
1251 647 1317 714 alia

145 757 215 839 ipse
237 758 427 825 observator
449 756 582 824 addidit.
621 758 746 825 Neuter
768 764 876 825 autem
898 758 1028 824 illorum
1050 763 1217 824 auctorum
1239 757 1318 824 asci-

145 873 252 935 torum
277 868 372 953 signa
399 871 571 937 secuudum
598 869 746 936 effectum
772 869 941 952 disposuit,
974 870 1031 935 sed
1061 888 1169 935 rerum
1198 889 1318 953 genera

73 962 75 969 ¹
145 984 333 1061 persecutus
356 985 419 1066 est,
443 983 544 1049 verba
566 980 647 1065 ipsa,
671 980 786 1062 quibus
809 979 1018 1065 prognostica
1041 981 1126 1062 apud
1148 983 1318 1061 utrumque

145 1090 368 1171 tradebantur,
393 1091 460 1158 fere
475 1093 586 1158 eadem
601 1096 703 1183 crant,
728 1111 918 1173 quamquam
934 1092 1072 1158 alterum
1092 1091 1209 1157 scimus
1225 1092 1319 1176 signa

147 1201 239 1283 quasi
261 1201 448 1269 illustrandi
471 1222 569 1269 causa
591 1202 762 1284 copiosiori
785 1204 824 1270 dc
846 1203 966 1285 pluviis
989 1209 1022 1268 et
1036 1202 1143 1268 ventis
1166 1222 1320 1269 commen-

147 1311 265 1393 tationi
287 1313 471 1394 aspersisse.
512 1314 625 1380 Tertia
648 1314 783 1397 denique
805 1314 944 1381 accessit
959 1313 1156 1397 excerptoris
1172 1313 1317 1381 scientia.

253 1422 317 1490 Sed
340 1424 486 1505 quaestio
509 1427 569 1492 hoc
591 1427 662 1493 loco
684 1429 824 1494 nondum
847 1426 1024 1493 subsistere
1046 1431 1164 1508 potest.
1204 1425 1320 1507 Super·

147 1538 223 1600 sunt
233 1533 443 1626 difficultates
455 1538 640 1604 enodandae
651 1543 717 1605 tam
730 1559 857 1623 graves,
870 1543 907 1605 ut
918 1538 1057 1604 fortasse
1066 1537 1320 1621 indignationem

147 1645 294 1726 moverit,
327 1649 411 1729 quod
439 1649 501 1714 huc
529 1668 629 1747 usque
655 1652 824 1734 neglectae
851 1656 935 1717 sunt.
987 1650 1090 1734 Signa
1117 1648 1201 1715 enim
1233 1650 1321 1720 dioc

146 1764 213 1828 τῶν
228 1763 393 1831 ἐνιαυτῶν
404 1791 438 1847 νε
454 1774 511 1831 καὶ
527 1769 594 1834 τῶν
608 1779 730 1855 μορίων
742 1764 825 1828 unde
836 1764 940 1845 petita
951 1763 1017 1828 sint
1028 1761 1317 1829 demonstrandum.

148 1869 258 1950 Atque
285 1871 422 1938 inscruit
448 1873 638 1955 compilator
664 1875 744 1940 haec
771 1875 865 1957 signa
892 1872 1115 1941 anniversaria
1142 1871 1320 1938 infinibus

142 1980 318 2064 ¹praecipue
341 1983 491 2065 capitum,
515 1992 535 2069 ξ
560 1987 603 2050 24
623 1992 656 2051 et
672 1987 724 2066 25,
748 1993 768 2070 ξ
790 1987 835 2052 44
852 1982 888 2053 'et
902 1987 956 2066 48,
971 1993 1000 2071 4ξ
1025 1987 1067 2050 55
1086 1990 1120 2051 et
1135 1985 1187 2050 56.
1229 1983 1321 2068 Quae

148 2093 293 2176 quamuis
320 2096 379 2161 boo
406 2097 497 2162 modo
522 2097 667 2164 seiuncta
690 2117 760 2164 esse
782 2097 963 2179 uideantur,
992 2103 1043 2164 tot
1064 2100 1178 2163 extant
1200 2095 1321 2163 veteris

148 2226 309 2274 connexus
323 2208 474 2292 vestigia,
495 2214 532 2275 ut
546 2229 566 2275 a
581 2210 845 2290 praecedentibus
861 2209 973 2278 divelli
988 2229 1051 2276 non
1066 2208 1201 2291 possint.
1229 2208 1322 2274 Inter

148 2317 242 2402 signa
265 2321 349 2386 enim
372 2327 489 2400 cetera,
513 2321 685 2403 praecipue
708 2342 746 2388 ea
769 2342 851 2405 quae
873 2342 914 2389 ox
936 2321 1057 2387 maiore
1071 2320 1129 2386 illo
1145 2321 1185 2386 de
1199 2320 1319 2402 pluuiis

148 2436 182 2497 et
203 2431 309 2499 ventis
332 2433 415 2498 libro
439 2432 572 2500 fluxisse
594 2433 893 2514 demonstravimus
923 2434 1088 2515 complura
1111 2432 1317 2499 inveniuntur

148 2563 211 2609 non
243 2549 310 2608 tam
341 2543 376 2610 in
402 2544 586 2612 universum
618 2566 713 2627 quam
741 2545 838 2612 certis
866 2551 992 2612 tantum
1020 2543 1097 2610 anni
1124 2543 1317 2626 temporibus

148 2655 302 2735 valentia,
341 2655 408 2737 alia
439 2657 542 2724 hieme
573 2657 640 2722 alia
672 2663 798 2733 aestate
829 2657 1078 2741 observandal)
1132 2655 1320 2724 Facillimus

148 2772 255 2832 autem
278 2767 436 2834 transitus
459 2768 497 2835 fit
519 2770 560 2835 ab
584 2769 739 2835 eiusmodi
758 2769 861 2854 signis
883 2768 1019 2850 adipso
1041 2772 1187 2849 tempora
1207 2765 1323 2834 exami-

148 2878 255 2944 nanda
277 2880 392 2960 quibus
414 2880 474 2946 illa
497 2882 630 2962 pollent.
677 2881 714 2948 Si
745 2880 847 2966 igitur
870 2900 933 2947 non
960 2880 1071 2962 paucis
1099 2884 1323 2960 excerptorum

148 2990 228 3058 locis
251 2992 291 3058 dc
318 2991 497 3061 rationibus
524 2992 702 3072 disseritur,
735 3012 817 3075 quae
847 2993 1050 3059 intercedant
1081 2992 1166 3058 inter
1192 2991 1324 3074 singula

149 3103 225 3170 anni
248 3109 402 3186 tempora,
427 3123 479 3170 res
494 3104 566 3186 ipsa
582 3107 707 3184 suadet,
732 3112 768 3171 ut
784 3103 881 3171 ctiam
896 3106 955 3171 has
971 3103 1113 3170 rationes
1130 3108 1321 3181 statuamus,

148 3215 389 3298 compilatorem
411 3216 549 3300 petiisse
566 3237 607 3283 ex
629 3216 748 3284 eisdem
771 3216 924 3296 fontibus,
949 3216 1032 3283 unde
1054 3214 1179 3296 reliqua
1201 3213 1319 3280 bausit.

149 3327 300 3394 Accessit
330 3333 499 3409 praetcrea
532 3335 568 3394 ut
598 3329 687 3395 vocis
719 3332 844 3416 χειμών
876 3327 974 3394 dubia
997 3325 1233 3410 significatione
1256 3326 1324 3391 fere

148 3439 270 3506 inuitus
290 3438 502 3535 adduceretur
517 3439 716 3522 compilator,
741 3446 778 3506 ut
799 3439 913 3505 hiemis
933 3438 1106 3521 praesagia
1125 3443 1320 3519 excerperet.

149 3550 233 3618 Sunt
256 3555 343 3616 certe
365 3569 428 3617 non
451 3570 555 3635 pauca
582 3551 685 3636 signa,
719 3570 801 3634 quae
822 3551 952 3618 dubium
981 3550 1025 3617 sit
1052 3569 1127 3617 num
1154 3548 1259 3632 magis
1282 3549 1324 3614 ad

149 3661 283 3727 hiemem
299 3681 393 3742 quam
416 3663 458 3729 ad
480 3668 704 3744 tempestatem
727 3668 874 3745 spectent
893 3668 925 3747 (ξ
941 3663 1007 3747 41).
1046 3660 1221 3728 Nonnullis
1244 3659 1324 3726 locis

149 3774 202 3868 vel
225 3772 341 3839 inuno
361 3774 532 3841 enunciato
552 3776 665 3840 ambae
686 3774 833 3841 notiones
856 3770 1104 3854 confunduntur,
1129 3773 1219 3839 velut
1239 3778 1259 3856 ξ
1280 3773 1323 3836 38

255 4105 275 4172 ¹)
297 4104 392 4174 Signa,
418 4122 489 4173 quae
513 4104 627 4158 hiemali
647 4110 755 4157 tantum
778 4110 905 4172 tempore
924 4102 1069 4156 observari
1094 4107 1224 4172 possunt,
1244 4104 1324 4168 quin·

151 4190 242 4243 decim
264 4198 429 4244 occurrunt:
460 4194 471 4255 ῤ
492 4191 533 4256 14,
552 4192 595 4255 32,
614 4190 658 4256 42,
677 4191 720 4255 43,
738 4190 782 4255 46,
802 4190 844 4255 47,
864 4189 907 4255 50,
927 4189 969 4255 51,
989 4189 1032 4255 52,
1051 4190 1099 4255 533
1123 4204 1195 4256 quae
1219 4193 1324 4239 aestate

151 4291 201 4328 sex
221 4277 288 4342 plu,
308 4277 351 4342 20,
370 4277 413 4342 21,
432 4276 474 4343 32,
493 4277 535 4329 46.
565 4275 711 4328 Accedunt
725 4277 815 4342 sigua,
835 4291 906 4343 quae
926 4275 1047 4328 eduntur
1066 4274 1191 4350 ὀπώρας,
1212 4283 1325 4348 φθινο-

148 4359 257 4438 πώρου,
277 4367 323 4420 int
342 4371 467 4438 τροπῶν,
486 4368 554 4436 περὶ
573 4369 737 4438 ἰσημερίαν.
