2948 5160
661 258 882 325 ..33-

185 473 393 537 quamsaepe
416 460 545 521 secutus
568 454 613 521 sit
627 456 755 523 Plinius
775 461 872 538 atque
889 455 924 521 in
947 461 1114 523 auctorum
1136 455 1241 523 indice
1263 455 1358 523 huius
1466 524 1469 529 .

185 565 261 631 libri
287 567 506 648 adscripserit,
535 566 645 633 61611111
673 567 873 633 conferamus
897 567 1103 637 Varroniano
1129 568 1189 634 illa
1215 568 1359 635 61661-

184 680 302 745 manici
334 678 465 745 scholiis
492 697 590 760 supra
618 678 834 759 transscripta
861 698 931 744 cum
960 698 991 759 p.
1018 681 1091 758 167,
1125 682 1155 759 6,
1189 683 1275 760 9-12,
1305 683 1356 746 27.

185 790 276 875 Quae
304 792 412 860 Varro
440 789 521 856 scite
553 791 727 872 copulavit,
761 789 889 855 Plinius
920 790 1121 870 dilaceravit,
1155 791 1253 857 solem
1281 811 1358 858 vero

183 904 357 984 pallentem
387 902 502 969 omisit.
550 904 605 969 Ad
628 904 809 973 Varronem
836 900 938 984 igitur
967 901 1120 968 Pliniana
1152 905 1359 987 prognostica

183 1014 305 1080 1616116
327 1034 390 1080 non
414 1015 498 1080 licet.
539 1015 603 1081 Sed
619 1014 785 1082 videamus
800 1018 908 1079 661616
924 1013 1041 1094 capita.
1085 1016 1139 1079 Ex
1154 1015 1300 1096 sequenti
1317 1018 1358 1080 79

183 1147 247 1193 non
269 1126 379 1210 magni
401 1125 527 1193 fructus
550 1127 740 1205 redundant,
765 1144 835 1191 cum
858 1143 981 1190 summa
1004 1125 1051 1191 rei
1067 1127 1227 1194 Varronis
1250 1128 1358 1195 verbis

183 1238 396 1305 contineatur.
443 1238 532 1306 Satis
564 1237 666 1320 igitur
693 1238 756 1302 erit
782 1235 972 1315 affirmasse,
1002 1237 1108 1304 omnia
1135 1258 1216 1320 quae
1248 1240 1360 1306 insunt

167 1351 216 1417 ,in
240 1352 352 1436 6347,
376 1356 410 1416 61
425 1351 510 1432 apud
526 1351 668 1416 Aratum
684 1355 716 1414 61
733 1348 767 1413 16
787 1347 948 1428 excerptis
972 1348 1050 1431 legi;
1076 1349 1196 1416 sivero
1212 1351 1359 1432 quintum

91 1527 93 1531 .
183 1469 216 1530 et
238 1468 389 1544 quartum
411 1462 495 1528 diem
519 1462 615 1528 lunae
641 1450 829 1527 dubitanter
856 1459 964 1541 posuit
986 1459 1124 1541 Plinius,
1158 1464 1217 1528 hoc
1250 1482 1357 1530 errore

182 1576 303 1641 factum
327 1556 416 1653 6666,Ι
432 1594 503 1640 6616
526 1574 629 1656 magis
645 1574 755 1641 valeat
778 1570 896 1637 tertius
919 1576 977 1636 aut
999 1577 1134 1652 quartus
1150 1574 1226 1641 dies.
1266 1573 1359 1659 Quae

182 1687 318 1767 denique
340 1687 436 1752 finem
459 1686 583 1752 16611161
605 1686 700 1751 1161116
716 1685 843 1766 capitis,
867 1701 906 1747 66
921 1682 1048 1763 quidem
1063 1704 1196 1767 prorsus
1211 1686 1359 1753 inaudita

182 1817 253 1864 6666
275 1798 434 1878 videntur,
469 1798 525 1863 sed
548 1797 643 1877 infra,
677 1796 733 1863 ubi
764 1797 923 1879 inquiram
954 1797 987 1865 16
1020 1798 1141 1864 6616116
1169 1804 1202 1864 61
1229 1798 1359 1865 1666116

180 1910 365 1991 1616116116,
395 1910 514 1975 docebo
542 1927 581 1975 ea
604 1908 765 1975 artissime
793 1911 965 1976 cohaerere
987 1929 1059 1975 cum
1082 1909 1276 1976 dichotomia
1297 1910 1358 1976 illa

181 2022 215 2088 in
242 2021 403 2104 excerptis
430 2021 561 2088 tradita.
610 2020 726 2103 Oapite
754 2022 797 2087 80
820 2020 939 2102 optime
967 2025 1169 2087 sustentatur
1196 2022 1358 2088 sententia

181 2139 304 2200 nostra.
350 2132 517 2200 Posterior
549 2132 633 2199 enim
665 2151 741 2214 pars
774 2132 842 2198 1616
872 2137 944 2198 1616
976 2132 1061 2214 apud
1092 2133 1234 2199 Aratum
1266 2140 1358 2199 extat

182 2251 225 2330 (p.
261 2248 333 2326 169,
368 2247 422 2310 24
449 2275 490 2302 =
517 2264 550 2311 v.
584 2246 714 2324 92662,
747 2263 778 2325 p.
815 2245 887 2323 169,
922 2246 975 2308 6-9
1004 2276 1045 2302 =
1075 2245 1229 2331 892-908)
1261 2252 1358 2326 atque

134 2340 137 2345 ’
183 2377 212 2439 p.
250 2360 322 2438 169,
359 2359 455 2423 10-12
487 2357 536 2422 ita
572 2357 732 2422 consentit
769 2374 840 2421 cum
873 2375 904 2422 v.
940 2357 1070 2435 94041,
1105 2362 1142 2422 61
1176 2359 1218 2423 ab
1249 2358 1357 2423 Arato

183 2474 348 2535 mutuatus
364 2487 434 2534 esse
449 2468 615 2535 videretur
629 2467 767 2547 Plinius,
783 2466 847 2532 nisi
862 2467 971 2533 verbis
983 2467 1144 2533 Plinianis
1161 2488 1315 2549 „arcuus
1330 2524 1336 2535 .
1351 2522 1357 2535 .

183 2602 204 2647 a
244 2581 364 2662 pluviis
405 2580 611 2646 serenitatem
651 2599 715 2645 non
754 2578 885 2660 perinde
919 2584 1040 2662 certam
1074 2581 1248 2647 nunciant“
1289 2581 1358 2648 6166

185 2693 343 2777 opinionis
375 2691 494 2758 mentio
526 2691 628 2771 fieret,
662 2710 767 2771 quam,
800 2689 863 2755 6161
894 2695 928 2756 61
959 2692 1085 2757 Aratus
1117 2698 1150 2758 et
1176 2695 1359 2774 Excerptor

183 2805 362 2888 praeteriit,
379 2803 554 2871 verisimile
569 2801 668 2868 66116
684 2801 822 2885 genuino
839 2820 934 2883 opere
946 2810 1223 2871 commemoratam
1239 2824 1323 2885 6666;
1338 2812 1359 2890 Ι)

183 2918 242 2984 1116
262 2923 370 2983 661616
394 2914 579 2980 66166116116
600 2913 715 2979 nuntia
734 2932 755 2978 a
776 2912 972 2980 Christianis
998 2915 1199 2996 potissimum
1219 2918 1359 2983 celebra·

184 3031 291 3095 batur.
327 3030 441 3109 Neque
463 3029 594 3092 obstare
616 3025 694 3091 mihi
717 3023 854 3105 videtur,
879 3026 963 3106 quod
982 3026 1110 3094 Plinius
1134 3027 1293 3110 opinatur,
1319 3048 1359 3094 ex

184 3141 225 3206 iis
240 3140 388 3222 partibus
402 3144 516 3206 ventos
530 3138 664 3204 daturos
679 3156 758 3217 esse,
774 3157 835 3218 quo
853 3137 1000 3203 16166161
1016 3139 1132 3205 6161166
1146 3141 1355 3219 albescentes,

184 3255 311 3319 Aratus
334 3271 411 3319 vero
434 3251 518 3317 unde
540 3250 697 3315 ferantur.
732 3249 817 3314 Nam
833 3269 1023 3330 quamquam
1039 3251 1118 3343 haec
1133 3252 1355 3333 explicationis

185 3363 367 3430 differentia
400 3363 527 3428 Idelero
563 3360 812 3444 (Meteorologia
842 3367 943 3428 veter.
974 3360 1032 3427 Gr.
1062 3369 1095 3427 et
1122 3364 1214 3429 Rom.
1243 3384 1273 3445 p.
1302 3366 1358 3447 46)

185 3476 332 3542 6111116616
355 3475 534 3552 videbatur,
562 3478 599 3537 ut
622 3471 815 3538 senteutiam
838 3471 1039 3552 Aristotelis,
1068 3474 1178 3555 Plinii,
1206 3475 1360 3558 Dionysii

186 3587 387 3674 (Geoponica
402 3586 430 3665 I,
455 3587 507 3669 ll)
530 3584 709 3649 Ptolemaei
732 3590 906 3665 opponeret
929 3583 1144 3666 Theophrasti
1167 3588 1358 3667 sententiae,

185 3701 295 3783 Arati,
324 3699 473 3776 Senecae,
501 3696 573 3777 ipsa
599 3714 706 3760 16111111
732 3701 852 3760 natura
878 3694 952 3775 fert,
985 3702 1022 3761 61
1054 3696 1293 3778 acquiescamus
1325 3698 1360 3764 in

184 3812 235 3878 his
258 3810 359 3878 Plinii
382 3808 503 3876 verbis:
539 3807 649 3886 „Pieri
672 3806 822 3874 videntur
845 3813 879 3871 et
901 3806 1065 3873 discursus
1089 3809 1257 3876 stellarum
1280 3829 1359 3876 nun-

185 3943 280 4004 quam
303 3929 431 4001 temere,
460 3926 497 3986 ut
523 3938 586 3984 non
614 3938 654 3984 ex
681 3937 720 3983 ea
747 3924 840 3999 parte
862 3924 970 3984 truces
992 3921 1082 3985 venti
1105 3923 1358 4008 coorientur.“²)

292 4068 313 4132 ¹)
333 4065 449 4118 Ptolem.
469 4062 591 4118 Tetrabl.
604 4079 632 4131 p.
646 4061 680 4114 26
699 4067 781 4128 „clu
801 4063 1016 4138 καθιστάμεναι
1035 4064 1106 4120 uacci
1126 4063 1246 4139 καιρσῠς
1265 4069 1359 4138 ἴριδες

184 4159 335 4229 χειμῶνας
351 4154 408 4226 μὲν
427 4154 455 4212 ἐξ
475 4150 641 4213 additional
660 4150 760 4205 εὐδίαν
779 4153 811 4205 ἐκ
827 4150 985 4225 χειμώνων
1002 4160 1263 4224 προσημαίνουσιν.

288 4240 310 4305 ²)
335 4236 407 4289 Ptol.
431 4235 554 4289 Tetrabl.
580 4237 600 4288 l.
628 4235 661 4287 27
689 4235 744 4302 (ed.
764 4233 891 4288 Norimb.
912 4234 988 4299 1535)
1009 4237 1044 4288 cf.
1065 4236 1248 4290 Wachsmuth
1267 4236 1356 4290 Tuon.

187 4325 258 4394 Lyd.
279 4324 426 4376 deomant.
441 4339 469 4391 p.
483 4322 517 4374 22
536 4328 588 4388 „ai
609 4326 640 4378 ui
662 4325 837 4396 διεκδρομαὶ
851 4326 903 4375 καὶ
916 4328 944 4377 οἱ
957 4325 1126 4379 ἀκοντισταὶ
1145 4330 1203 4379 τοῖν
1216 4322 1357 4398 ἀστέρων,

187 4417 216 4469 εἰ
230 4414 288 4486 μὲν
306 4408 362 4467 clud
380 4415 449 4486 μιᾶς
466 4419 599 4479 γίνοιντο
617 4418 736 4478 γωνίας,
754 4406 806 4463 τόν
825 4405 871 4464 ἄνι’
889 4411 1002 4478 ἐκείνης
1019 4408 1129 4483 ἄνεμον
1148 4413 1295 4478 δηλοῦσιν.
