2948 5160
10 254 48 291 ..a-

608 593 828 658 ,19-

132 793 185 875 qui
228 793 327 860 aliter
370 810 556 858 excusemus
602 789 818 856 foedissimam
861 788 1092 868 confusionem,
1137 808 1200 871 qua
1242 788 1305 872 sig-

131 925 245 971 norum
267 906 397 987 sylloge
419 905 556 981 laborat,
584 905 653 966 tum
675 900 777 982 ipsius
800 901 997 982 excerptoris
1019 901 1129 966 verbis
1151 900 1303 983 cogimur,

132 1037 172 1082 ne
186 1018 292 1082 minus
307 1017 386 1082 duos
401 1016 506 1081 fontes
521 1032 685 1096 ponamus.
720 1012 852 1094 Duplex
867 1013 948 1078 enim
965 1013 1135 1080 verborum
1152 1011 1220 1077 eius
1236 1017 1257 1095 ξ
1276 1013 1302 1076 1.

133 1148 250 1219 σημεῖα
269 1186 274 1195 .
294 1185 299 1195 .
319 1122 384 1197 ὦδε
406 1129 607 1220 ἐγράψαμεν
629 1138 712 1194 καθ’
738 1125 815 1195 ὅσον
838 1121 880 1216 ἤν
903 1129 1046 1214 ἐφικτόν,
1076 1124 1101 1192 ά
1123 1133 1186 1213 μὲν
1208 1125 1306 1194 αὐτοὶ

134 1243 419 1328 προσκυνήσαντες
453 1237 478 1305 ά
510 1241 547 1306 δὲ
579 1249 659 1327 παρ’
694 1244 814 1326 ἑτέρων
845 1237 904 1305 οοίι
939 1239 1109 1324 οἷδοκίμων
1143 1239 1305 1319 λαβόντες

134 1347 357 1429 interpretatio
371 1351 476 1428 patet:
501 1351 559 1412 aut
581 1351 618 1414 ut
641 1346 775 1428 reliqua,
798 1348 847 1413 ita
870 1348 966 1414 etiam
986 1349 1065 1413 haec
1080 1346 1213 1428 proemii
1228 1365 1305 1427 pars

135 1458 330 1539 transcripta
352 1464 412 1537 est,
436 1464 495 1524 aut
517 1457 619 1538 ipsius
643 1458 840 1539 excerptoris
864 1463 939 1525 sunt
961 1460 1069 1524 verba.
1104 1457 1140 1524 Si
1162 1477 1239 1525 vero
1262 1458 1305 1522 ad

133 1569 231 1634 alium
245 1570 389 1648 redeunt,
406 1574 494 1641 certe
509 1587 573 1634 non
589 1569 631 1634 ad
645 1574 808 1634 auctorem
825 1569 879 1650 qui
895 1570 1012 1635 librum
1026 1569 1119 1634 illum
1130 1570 1170 1635 de
1185 1568 1305 1651 pluviis

132 1686 165 1745 et
195 1679 301 1747 ventis
335 1678 523 1761 composuit,
555 1680 709 1745 habemus
741 1679 844 1763 igitur
874 1681 1012 1746 alterum
1044 1678 1246 1761 scriptorem3
1276 1678 1304 1744 si

131 1791 329 1871 excerptoris
352 1794 438 1871 sunt,
462 1790 623 1871 expressis
646 1791 754 1858 verbis
777 1790 959 1857 affirmatur
981 1798 1074 1863 etex
1089 1789 1305 1871 compluribus

131 1901 275 1968 fontibus
290 1901 439 1967 hausisse
453 1906 488 1967 et
502 1901 657 1967 nonnulla
672 1920 754 1982 quae
774 1902 859 1968 forte
881 1902 915 1966 in
935 1901 1040 1967 animo
1060 1902 1201 1967 habehat
1225 1919 1306 1966 com-

131 2014 304 2094 pilatorem
327 2032 384 2078 suo
407 2014 518 2078 Marte
539 2013 709 2078 addidisse.
757 2013 803 2079 Et
826 2019 901 2079 sunt
923 2018 1013 2080 certa
1040 2012 1143 2096 signa,
1171 2031 1253 2094 quae
1276 2012 1306 2077 ei

132 2124 279 2204 inprimis
302 2123 472 2190 tribuenda
494 2143 566 2190 esse
587 2124 769 2192 videantur.
801 2126 842 2190 In
865 2125 928 2190 fine
950 2124 1035 2190 enim
1049 2124 1147 2189 trium
1162 2122 1305 2204 priorum

134 2235 319 2299 tabularum
334 2237 488 2301 nonnulla
502 2237 711 2317 proferuntur
722 2236 801 2302 adeo
813 2238 855 2303 ab
867 2237 953 2302 omni
964 2236 1075 2302 ordine
1087 2234 1304 2313 abhorrentia,

136 2352 172 2410 ut
194 2347 351 2412 communi
373 2347 471 2414 elicui
493 2348 576 2415 fonti
597 2349 770 2414 restituere
788 2349 844 2416 vix
867 2349 1016 2441 audeam,
1035 2347 1130 2412 immo
1154 2364 1225 2412 cum
1240 2345 1306 2410 tria

134 2456 263 2523 illerum
285 2459 450 2543 signorum
482 2461 546 2527 iam
578 2468 675 2528 antea
702 2466 948 2528 commemorata
980 2460 1055 2539 sint,
1088 2459 1150 2524 duo
1173 2457 1305 2523 insolito

133 2593 220 2639 more
243 2576 385 2664 δημόσια
409 2575 623 2656 appellentur,
656 2573 859 2656 compilatori
880 2573 988 2655 potius
1010 2571 1176 2639 vindicare
1197 2568 1303 2636 velim.

131 2691 242 2771 Atque
264 2668 435 2772 praecipue
457 2690 615 2756 attributo
638 2689 696 2754 illo
719 2692 923 2778 ,,δημόσιον“
946 2704 1102 2768 apparere
1124 2689 1202 2766 puto
1225 2703 1306 2750 eom·

130 2804 302 2885 pilatorem
330 2805 422 2886 quasi
449 2825 609 2888 opponere
635 2805 728 2885 lihro,
761 2804 845 2872 unde
872 2801 1041 2884 excerpsit,
1070 2797 1220 2882 volgaria
1246 2797 1306 2863 illa

130 2922 228 2997 atque
255 2916 407 2999 sibiipsi
433 2918 515 2984 setis
538 2923 616 2983 nota
643 2917 746 3000 signa.
794 2916 915 2984 Oonier
937 2935 1013 2982 vero
1037 2916 1137 2983 verba
1158 2914 1240 2996 ipsa,
1269 2917 1305 2977 ut

132 3048 253 3095 mecum
280 3031 383 3097 facias
410 3037 430 3116 ξ
454 3031 496 3095 23
521 3045 577 3099 καὶ
605 3036 642 3099 cri
668 3035 827 3121 δημόσιον
850 3035 885 3099 ro*
912 3044 986 3121 περὶ
1010 3035 1071 3110 τοῖς
1095 3045 1194 3117 μυίας
1218 3031 1305 3113 λεγό-

133 3171 231 3228 μενον
258 3145 387 3233 άληθές
411 3151 457 3225 ’ξ
484 3145 528 3208 49
556 3157 612 3211 καὶ
640 3147 676 3212 τό
702 3149 878 3230 πανταχοῦ
906 3146 943 3210 δὲ
972 3145 1148 3229 λεγόμενον
1175 3159 1307 3231 σημεῖον

133 3257 291 3343 δημόσιον
311 3269 484 3347 ,χειμέριον
517 3255 601 3325 ὅταν
632 3262 712 3343 prisc
750 3268 825 3346 περὶ
857 3261 997 3346 φορυτοῦ
1035 3256 1212 3344 μάχωνται
1247 3265 1305 3321 καὶ

130 3379 278 3455 φέρωσιν.
330 3367 444 3450 Neque
471 3366 565 3449 parvi
591 3365 824 3433 aestimandum
853 3371 912 3445 est,
945 3367 1028 3447 quod
1054 3367 1115 3431 hoc
1142 3385 1204 3431 uno
1232 3365 1302 3430 loco

130 3482 162 3560 (ξ
187 3478 242 3562 25)
265 3479 359 3563 signa
382 3500 466 3547 nove
489 3482 575 3548 omni
598 3483 767 3549 ordinandi
794 3478 898 3546 labori
925 3477 1142 3562 repugnantia
1163 3476 1305 3542 introdu-

129 3594 247 3655 cuntur
274 3590 323 3657 his
347 3593 455 3659 verbis
478 3608 560 3684 φασι
584 3600 624 3664 δέ
644 3625 737 3676 τινες.
786 3594 858 3658 Iam
880 3609 957 3659 vero
985 3591 1014 3656 si
1040 3595 1129 3656 recte
1156 3588 1306 3656 contendi

129 3702 222 3780 quasi
245 3721 323 3769 suae
345 3704 447 3786 ipsius
470 3706 624 3773 scientiae
640 3707 830 3773 documenta
844 3707 924 3771 haec
940 3704 1034 3787 signa
1054 3701 1209 3769 adiecisse
1224 3720 1305 3767 eom·

128 3811 309 3895 plicatorem,
334 3817 491 3898 suspicari
515 3837 695 3901 possumus,
720 3817 775 3885 ubi
794 3824 955 3884 terrarum
979 3821 1128 3882 versatus
1153 3817 1305 3896 excerpta

130 3929 242 3990 nostra
262 3929 544 4011 conglutinaverit.
578 3931 664 3998 Nam
683 3930 738 4012 qui
758 3929 825 3996 suis
840 3929 941 3995 oculis
956 3926 1186 3994 animadvertit
1202 3932 1234 4010 (ξ
1250 3926 1305 4010 24)

129 4044 185 4129 τῆς
210 4043 248 4108 δὲ
271 4046 385 4122 νυκτὸς
409 4043 493 4114 ὅταν
515 4047 575 4114 τὸν
590 4043 759 4134 Ὕμηττον
782 4046 940 4112 κάτωθεν
962 4047 1030 4112 τῶν
1053 4040 1165 4131 ἄκρων
1187 4042 1305 4128 νεφέλη

131 4152 276 4251 ὁιαζάση
300 4157 396 4243 λευκή
421 4168 478 4223 καὶ
501 4160 614 4247 μακροὶ
633 4213 638 4224 .
659 4212 664 4224 .
684 4213 690 4224 .
708 4169 765 4225 καὶ
788 4160 852 4226 ἐάν
876 4160 913 4226 ἕν
928 4162 1048 4253 Αἰγίνη
1073 4156 1130 4220 ἐπὶ
1153 4156 1212 4220 τοῦ
1226 4152 1305 4229 Aede
1372 4210 1375 4216 ·

128 4267 187 4330 τοῦ
211 4263 378 4334 Ἑλλανίου
403 4271 520 4358 νεφέλη
544 4273 728 4358 καθίζηται
756 4271 790 4332 et
813 4272 845 4351 (ξ
867 4267 924 4351 47)
951 4272 1008 4357 τῆς
1032 4267 1214 4355 Πάρνηθος
1241 4263 1306 4331 ἐάν

128 4375 171 4440 τοὶ
189 4377 271 4464 πρός
289 4379 425 4466 ζέφυρον
437 4378 562 4466 άνεμον
577 4392 634 4448 καὶ
650 4384 692 4448 τοὶ
711 4384 799 4470 πρόσ
812 4383 924 4468 Φύλης
939 4379 1123 4466 φράττηται
1136 4385 1303 4460 νέφεσιν..

127 4483 157 4549 is
183 4502 341 4566 nusquam
367 4485 431 4552 nisi
454 4489 595 4556 Athenis
623 4491 819 4558 observavit.
871 4487 1073 4573 Oompilator
1099 4491 1207 4553 autem
1236 4483 1305 4566 ipse

128 4595 228 4662 etiam
250 4596 378 4678 copioso
395 4617 539 4667 sermone
561 4602 718 4683 proditur,
744 4601 861 4684 quippe
883 4600 1005 4682 quires
1029 4618 1099 4665 ase
1114 4599 1184 4681 ipso
1200 4602 1306 4666 obser·

128 4714 225 4777 vetas
247 4709 394 4794 pluribus
417 4711 527 4779 verbis
550 4732 645 4795 quam
669 4713 792 4780 alienas
815 4717 964 4795 exponet.

1085 4840 1119 4893 2*
