2948 5160
637 232 858 295 „40-

51 458 60 475 ·
163 425 219 492 sed
251 426 311 490 hoc
343 428 480 504 constat,
513 424 655 492 Plinium
687 425 926 508 disputaturum
956 430 996 496 de
1027 431 1216 513 rationibus
1253 453 1336 515 quae

63 586 65 591 .
161 537 363 605 intercedant
385 539 472 605 inter
503 537 580 603 anni
606 543 760 620 tempora,
788 539 955 606 inanimo
983 542 1134 608 habuisse
1160 543 1336 611 intervalla

160 649 220 715 illa
243 649 320 715 solis
344 669 440 717 cursu
462 649 603 717 definita.
653 651 838 729 „Articuli‘
862 651 965 735 igitur
986 659 1174 734 temporum,
1199 675 1278 736 quos
1302 676 1337 723 se

162 761 368 842 proposuisse
395 761 547 843 opinatur
569 760 706 842 Plinius,
731 763 840 829 eodem
863 768 1012 845 spectant
1034 784 1095 845 quo
1119 768 1215 847 paulo
1239 774 1336 834 antea

162 877 399 943 commemorati
431 879 527 942 lunae
559 871 690 939 articuli
717 874 818 954 VIII,
851 874 885 941 id
916 881 966 941 est
997 877 1039 942 ad
1066 894 1163 942 unum
1190 877 1336 960 idemque

162 1006 250 1068 opus,
281 987 399 1069 inquo
423 990 462 1054 de
484 985 678 1054 dichotomia
700 985 899 1067 disputatum
926 1006 997 1052 esse
1020 994 1242 1070 excerptorum
1265 1011 1336 1072 pro·

162 1099 298 1164 1111111
321 1120 379 1166 111
402 1101 505 1166 docet.
539 1099 650 1178 Atque
664 1098 820 1162 hactenus
843 1098 881 1162 de
897 1099 1194 1181 necessitudinibus,
1219 1102 1336 1184 quibus

161 1210 288 1277 Plinius
312 1231 382 1277 cum
399 1214 506 1278 Arato
523 1215 556 1276 et
572 1211 772 1290 Excerptore
787 1208 1006 1293 coniungitur;
1031 1211 1070 1276 de
1085 1212 1218 1294 reliquis
1233 1214 1337 1280 Plinii

156 1323 321 1404 *capitibus
349 1343 460 1390 moneo
487 1327 624 1400 tantum,
658 1326 694 1386 ut
721 1319 903 1386 sublimium
932 1321 1097 1405 signorum
1125 1343 1201 1405 pars
1233 1327 1337 1392 maior

161 1435 246 1516 apud
262 1437 403 1502 Aratum
427 1439 528 1511 extat,
552 1433 600 1497 ita
622 1437 823 1498 terrenorum
845 1432 940 1514 plura
962 1434 996 1499 in
1019 1436 1179 1517 excerptis
1203 1439 1332 1505 servata

163 1565 242 1627 esse,
267 1567 427 1630 perpauca
450 1567 470 1611 a
486 1542 593 1610 Plinio
613 1544 760 1624 proferri,
785 1564 866 1625 quae
882 1545 1028 1625 quamvis
1044 1547 1248 1614 cohaerentia
1264 1569 1335 1616 cum

160 1661 275 1724 ceteris
303 1658 405 1743 signis
437 1662 470 1723 et
497 1658 623 1722 Aratus
651 1661 684 1720 et
711 1657 893 1736 Excerptor
921 1656 1073 1723 omiserit.
1119 1660 1236 1740 Itaque
1264 1681 1337 1727 con-

161 1770 317 1836 tenderim
341 1772 408 1838 fere
425 1773 539 1851 omnia,
565 1767 702 1852 quaein
726 1766 826 1831 Plinii
850 1766 932 1833 libro
947 1769 1077 1836 XVIII
1100 1769 1173 1835 inde
1196 1775 1334 1856 aqam

158 1900 258 1963 usque
281 1884 322 1948 11
344 1884 439 1950 finem
462 1883 607 1967 legimus
632 1880 674 1945 ad
697 1897 892 1944 communem
915 1878 1006 1945 illum
1029 1880 1149 1946 fontem
1172 1883 1286 1950 redire.

268 1994 341 2078 Qua
368 1997 401 2061 in
429 2015 465 2060 re
492 1994 519 2060 si
547 1993 598 2059 cui
626 1990 780 2057 audacius
803 1990 954 2072 progredi
976 1991 1164 2073 videbimur,
1193 1995 1222 2060 ei
1245 1996 1335 2063 dubi-

159 2105 314 2171 tationem
330 2107 424 2173 tollet
441 2105 609 2183 Aelianus
626 2101 730 2183 quiin
748 2100 904 2181 „historia
919 2102 1126 2169 1111111111]ιι
1148 2105 1180 2189 (l.
1200 2107 1280 2186 VII,
1301 2111 1332 2194 7)

161 2237 223 2281 non
247 2237 350 2298 pauca
378 2238 417 2284 ex
445 2216 582 2300 genuino
613 2233 708 2296 opere
730 2213 991 2294 transsumpsisse
1018 2216 1156 2283 videtur.
1203 2218 1267 2286 Sed
1293 2240 1334 2286 ne

159 2327 323 2409 limpidum
347 2349 418 2395 eum
441 2330 561 2395 fontem
585 2328 745 2404 ducamus
771 2325 825 2405 qui
840 2324 980 2390 fortasse
1000 2326 1092 2392 foede
1112 2330 1250 2410 sordeat,
1275 2332 1334 2398 cir-

158 2440 401 2521 cumspiciamus
417 2440 492 2522 quid
507 2438 571 2505 viri
587 2438 673 2504 docti
689 2436 976 2503 animadverterint
996 2456 1066 2503 esse
1086 2439 1333 2509 existimandum

159 2551 198 2616 de
227 2552 358 2618 Aeliani
390 2551 560 2635 diligentia
592 2556 625 2616 et
656 2549 726 2614 fide.
774 2550 884 2629 Atque
912 2554 1040 2615 constat
1062 2550 1237 2618 Aelianum
1265 2553 1334 2621 fere

159 2663 240 2728 nihil
263 2664 367 2745 ipsum
391 2665 589 2742 observasse,
615 2663 671 2727 sed
694 2658 800 2725 omnia
823 2678 864 2724 ex
878 2659 1015 2726 aliorum
1038 2660 1131 2728 libris
1147 2646 1332 2746 corrasisse,

158 2775 191 2839 11
215 2775 329 2856 quibus
361 2774 571 2856 compilandis
604 2793 642 2839 ea
673 2771 875 2854 potissimum
904 2789 962 2837 sua
990 2771 1077 2853 fecit,
1111 2793 1193 2855 quae
1216 2777 1256 2841 11
1280 2778 1334 2843 11-

157 2886 358 2951 mirationem
391 2886 593 2952 excitandam
625 2884 762 2949 maxime
794 2884 1033 2950 accommodata
1065 2891 1180 2951 essent.
1239 2886 1333 2972 Quod

86 3035 97 3061 .
157 2997 298 3062 studium
313 2971 448 3064 veritati
464 2996 692 3079 quodammodo
716 2995 878 3060 inimicum
894 3012 973 3075 esse,
998 2995 1054 3062 vix
1076 2997 1139 3063 erit
1154 2998 1209 3078 qui
1224 3007 1332 3084 neget.

157 3108 250 3195 Quod
284 3129 360 3176 vero
394 3109 428 3174 in
462 3108 555 3174 initio
590 3108 679 3173 illius
714 3107 882 3190 signorum
917 3108 1167 3177 enumerationis
1202 3111 1330 3194 scripsit

154 3223 413 3308 ,Ἀριστοτέλους
431 3223 542 3292 ainerio
558 3227 738 3306 lcyovwgs‘,
760 3220 867 3284 nescio
884 3238 925 3284 an
940 3218 1063 3285 talibus
1078 3221 1186 3288 Verbis
1203 3222 1330 3290 curiosi·

156 3337 258 3398 tatem
281 3335 437 3399 lectorum
460 3332 650 3414 praevenire
673 3329 814 3398 voluerit
833 3331 873 3395 de
888 3337 1020 3397 auctore
1039 3333 1143 3416 magis
1165 3334 1333 3415 suspicans

156 3461 250 3525 quum
273 3444 444 3526 quidquam
468 3443 642 3509 affirmans.
680 3441 817 3508 Accedit
837 3442 921 3522 quod
936 3443 1075 3523 priorem
1092 3445 1199 3511 octavi
1216 3444 1332 3528 capitis

154 3562 279 3636 partem
303 3555 434 3622 aliunde
457 3560 623 3620 mutuatus
651 3560 700 3621 est
728 3559 825 3634 atque
852 3554 1012 3636 posterior
1039 3555 1163 3620 demum
1191 3575 1267 3638 pars
1291 3558 1334 3624 ad
1414 3542 1417 3546 ’

154 3665 280 3748 septimi
304 3666 423 3748 capitis
446 3670 609 3731 auctorem
637 3667 721 3731 redit
744 3665 926 3732 Aristotele
953 3684 1016 3730 non
1043 3666 1160 3733 iterum
1188 3668 1331 3736 laudato.

154 3780 194 3843 In
218 3779 278 3844 hac
302 3778 405 3860 igitur
427 3777 591 3843 delibandi
618 3777 743 3842 ratione
771 3782 803 3842 et
830 3775 864 3842 in
891 3778 1030 3842 rhetoris
1053 3780 1202 3846 variandi
1225 3780 1332 3847 studio

150 3909 252 3970 parua
275 3889 353 3955 fides
376 3890 483 3955 inesse
511 3888 649 3954 videtur.
694 3889 814 3954 Tamen
837 3894 947 3955 nostro
972 3889 1041 3954 loco
1065 3891 1240 3958 Aelianum
1262 3892 1333 3958 dili-

149 4001 292 4086 gentiam
309 4021 371 4066 111
387 4020 520 4082 prorsus
540 4000 701 4082 respuisse
717 4020 757 4066 ex
772 4002 822 4067 his
839 4001 907 4067 eius
924 4002 1031 4068 verbis
1047 4010 1197 4085 apparet:
1214 4005 1296 4085 VII,
1311 4007 1329 4069 7

149 4117 285 4205 ἐρωόιός
310 4117 347 4182 δὲ
370 4133 522 4200 κνεφαῖος
545 4119 636 4196 βοῶν
659 4117 701 4182 τά
727 4116 816 4184 αὐτοὶ
842 4114 949 4183 ericusa
977 4115 1178 4205 111111λοῦ1,
1209 4117 1254 4200 οἷς
1278 4118 1329 4198 (o‘)

145 4227 246 4307 adcor
276 4226 493 4317 Ἀριστοτέλης
522 4229 675 4313 φυλάξας
705 4231 790 4311 λέγει
819 4231 853 4289 et
882 4230 1002 4293 κολοιοὶ
1031 4231 1068 4294 δὲ
1092 4235 1329 4317 lepontiorum,

150 4339 193 4419 ὦς
207 4342 328 4418 ἐκεῖνος
345 4343 429 4426 λέγει
446 4335 557 4416 itaut,
578 4336 705 4404 etiamsi
728 4358 754 4405 c.
774 4340 1002 4404 enarraturus
1019 4333 1085 4399 aliu
1101 4342 1330 4419 tempestatum
