2948 5160
643 265 865 328 -12-

166 462 234 528 sole
257 466 360 527 acuto.
402 460 575 542 Sequentia
590 479 666 528 vero
683 464 837 542 quattuor
850 459 955 543 signa,
980 479 1112 541 quorum
1128 460 1200 540 duo,
1225 460 1340 542 spinus
1416 552 1420 563 Ι

168 577 201 639 et
223 574 410 654 Hymettus,
435 573 499 637 iam
522 576 618 638 antea
639 576 884 653 commemorata
904 577 988 652 sunt,
1013 577 1129 638 tantas
1146 572 1239 638 nobis
1262 572 1342 638 diffi-

52 696 55 701 ’
168 685 307 750 cultates
330 683 463 763 faciunt,
488 690 524 749 ut
539 684 602 750 nisi
617 685 717 749 verba
737 701 850 764 οπίνος
868 671 976 755 ἕωθεν
992 688 1216 773 φθεγγόμενος
1237 690 1269 768 (ξ
1287 686 1341 769 23)

150 814 286 879 'magna
302 795 511 866 similitudine
528 796 697 862 coniuncta
713 800 820 862 essent
836 816 906 861 cum
922 803 942 880 ξ
961 797 1012 875 19,
1037 795 1092 861 vix
1112 796 1340 875 dubitaremus

168 907 244 988 quin
268 927 308 972 611
331 908 395 972 6116
423 906 512 973 fonte
539 913 636 989 atque
660 913 768 974 cetera
795 927 942 974 manasse
966 913 1119 988 quattuor
1145 909 1224 973 haec
1247 907 1341 990 signa

167 1026 391 1107 statueremus

252 1135 254 1138 ’
274 1131 453 1198 Secundum
477 1135 574 1212 caput
596 1130 630 1195 in
645 1131 784 1212 quinque
799 1135 908 1212 partes
930 1130 1030 1196 dividi
1045 1135 1166 1212 potest:
1190 1137 1210 1214 ξ
1232 1132 1339 1211 26-27,

167 1244 583 1322 23-23616116611111116166,
607 1244 686 1327 §29
710 1239 808 1307 116116
832 1261 977 1307 recessus
1001 1283 1044 1290 -
1067 1244 1109 1306 31
1130 1248 1219 1307 terra
1235 1241 1339 1325 nigra,

147 1390 150 1395 ·
166 1360 186 1438 ξ
204 1356 245 1418 31
264 1355 357 1419 orbes
372 1397 417 1403 -
433 1357 477 1419 34
493 1355 608 1420 stellae
624 1354 769 1433 crinitae,
786 1354 860 1421 inde
876 1372 975 1434 usque
990 1353 1032 1419 ad
1047 1353 1151 1418 finem.
1186 1354 1342 1437 Singulae

166 1485 243 1532 vero
267 1470 377 1546 partes
400 1466 542 1547 exceptis
570 1465 779 1547 amplioribus
806 1465 873 1530 11116
900 1465 1230 1544 commentationibus
1260 1464 1342 1546 quae

168 1583 281 1642 contra
318 1578 459 1647 auctoris
491 1578 592 1658 ipsius
627 1577 794 1643 consilium
825 1577 1034 1658 irrepserunt,
1074 1576 1212 1658 singulis
1247 1577 1342 1658 primi

167 1688 283 1770 capitis
306 1689 453 1769 partibus
476 1689 679 1769 respondent,
704 1690 752 1754 ita
774 1708 851 1756 vero
874 1693 911 1754 ut
934 1688 1038 1753 media
1060 1688 1170 1768 secti0,
1195 1690 1340 1773 §ac-31,

167 1800 217 1865 sui
241 1800 377 1866 similem
400 1821 463 1865 non
485 1801 614 1866 habeat.
654 1801 755 1866 Ouius
776 1799 936 1881 sectionis,
961 1819 1151 1882 quamquam
1172 1799 1342 1866 ordinandi

110 1939 112 1943 ¹
166 1913 308 1977 laborem
331 1931 463 1993 prorsus
487 1911 674 1992 frustratur,
703 1918 812 1977 tannen
839 1913 907 1978 iere
933 1913 1040 1978 omnia
1067 1911 1230 1978 artissime
1257 1912 1343 1978 inter

166 2043 201 2088 se
224 2025 395 2089 cohaerere
417 2024 576 2104 ridentur,
607 2023 724 2106 quippe
751 2043 832 2105 quae
860 2024 982 2090 faciant
1005 2025 1046 2089 ad
1068 2029 1212 2090 mutuam
1235 2025 1342 2106 expla-

56 2198 59 2203 .
166 2136 304 2201 nandam
328 2135 604 2214 necessitudinem,
629 2154 712 2216 quae
725 2135 905 2201 intercedat
920 2135 1005 2201 inter
1024 2137 1154 2201 boream
1170 2142 1204 2202 et
1218 2143 1339 2203 notum.

167 2248 216 2313 At
244 2253 319 2313 sunt
345 2247 469 2313 inserta
496 2254 529 2313 et
556 2236 689 2329 prorsus
717 2247 833 2327 aliena,
868 2247 1179 2341 6611166ιποιρήλοος
1208 2251 1342 2320 ὁπόθεν

168 2360 214 2430 ἄν
237 2356 259 2460 ᾖ
282 2361 371 2452 ὕδωρ
394 2360 416 2451 ἢ
441 2359 566 2449 ω’ίνεμον
589 2376 741 2449 σημαίνει
768 2402 811 2409 -
839 2363 903 2431 ἓνὲν
930 2363 968 2431 ἐν
997 2361 1156 2462 θαλάσσῃ
1185 2366 1342 2451 ἐξαίφνης

168 2475 357 2560 πνεύματος
385 2475 511 2563 γαλήνη
541 2487 680 2562 γίνηται,
709 2476 898 2563 μεταβολήν
925 2475 1114 2560 πνεύματος
1142 2472 1164 2563 ἢ
1192 2477 1344 2543 ἐπίδοσιν

167 2588 264 2664 atque
300 2583 480 2648 sententiae
516 2583 549 2648 in
589 2582 784 2650 universum.
810 2583 916 2649 dictae
949 2586 968 2652 ὅ
996 2592 1058 2672 μὲν
1085 2592 1204 2677 βορέας
1233 2588 1344 2674 λήγων

167 2698 318 2766 ἐλάσσων
335 2697 354 2764 o‘
371 2700 408 2764 δὲ
425 2699 518 2776 νότος
535 2697 716 2785 α’ρχόμενος
733 2737 775 2744 -
791 2703 929 2785 βορείων
945 2700 983 2764 δὲ
999 2710 1180 2783 γινομένων
1196 2704 1343 2787 ξηραίνει

168 2810 294 2888 πάντα,
320 2823 436 2878 νοτίων
460 2811 498 2876 δὲ
520 2809 677 2897 ΰγραίνει.
715 2807 885 2873 Accedunt
907 2827 971 2872 non
994 2826 1097 2887 pauca
1119 2811 1214 2872 tanta
1237 2808 1344 2890 negle-

167 2917 278 2999 gentia
300 2922 430 2998 tamque
453 2918 675 2999 compendiosa
697 2919 859 2985 brevitate
881 2919 1105 3000 transscripta,
1131 2923 1167 2985 ut
1190 2918 1344 2984 facillime

168 3028 318 3095 librarios
340 3030 381 3096 ad
397 3030 635 3111 depravandum
652 3030 900 3112 provocaverint
925 3036 958 3097 et
976 3036 1121 3096 nostrum
1143 3031 1343 3097 intellectum

167 3141 234 3206 fere
257 3141 384 3209 fallant.
422 3141 509 3226 Quid
531 3141 615 3208 enim
636 3140 698 3207 sibi
713 3143 827 3229 uolunt
842 3145 943 3209 verba
958 3148 1022 3214 ἕοὶν
1039 3144 1112 3235 ὅρος
1128 3147 1210 3233 πρὸς
1226 3150 1355 3235 βορρφῒ,4

167 3253 242 3334 quid
270 3259 320 3319 est
347 3259 411 3325 ἕαν
439 3256 542 3347 σ’ίκραι
569 3267 723 3347 μετέωροι
746 3269 932 3343 φαίνωνται
956 3256 977 3347 ἢ
1005 3269 1062 3325 καὶ
1090 3262 1180 3345 νῆσοι
1205 3261 1240 3324 ἐκ
1263 3263 1344 3344 Ιιιιωῖς

168 3368 324 3445 πλείοοςὲ
369 3365 490 3430 Tamen
518 3365 664 3446 quamvis
696 3366 825 3432 sordeat
852 3368 932 3433 haec
959 3367 1063 3432 media
1091 3367 1201 3447 scotie,
1230 3367 1344 3449 negari

168 3496 232 3541 non
255 3482 363 3557 potest
387 3496 457 3542 6666
473 3477 636 3548 vinculum
653 3497 714 3559 quo
731 3477 837 3543 omnia
853 3480 1087 3557 contineantur,
1114 3494 1228 3549 νοτίαν
1249 3510 1344 3567 μετα-

172 3592 285 3678 βολήν.
321 3590 396 3655 Νο11
419 3589 514 3671 longe
537 3589 648 3672 igitur,
673 3589 863 3670 praesertim
887 3590 915 3655 si
938 3591 979 3655 ad
1002 3590 1060 3655 illa
1083 3591 1232 3656 universe
1257 3590 1344 3656 dicta

170 3699 366 3780 respicimus
395 3720 416 3765 a
442 3700 586 3789 veritate
611 3703 763 3766 aberrare
789 3701 977 3781 videbimur,
1006 3700 1034 3766 si
1061 3703 1140 3767 haec
1164 3702 1270 3766 omnia
1293 3722 1345 3767 611-

169 3817 281 3893 cerpta
306 3817 484 3878 statuemus
508 3832 525 3878 e
548 3812 669 3878 maiore
685 3813 821 3894 quodam
838 3813 897 3893 „de
913 3813 1040 3879 ventis‘
1062 3814 1181 3879 libello,
1219 3813 1344 3897 Quibus

170 3922 329 3989 concessis
352 3924 505 3990 habemus
533 3925 689 3991 hocloco
718 3924 812 4007 signa
840 3944 876 3990 eo
905 3925 1015 3990 ordine
1042 3925 1188 4004 collecta,
1221 3926 1344 4006 quoin

168 4034 225 4100 illo
258 4054 391 4116 prorsus
425 4036 491 4101 alia
528 4036 655 4102 ratione
692 4037 820 4103 condito
853 4036 935 4101 libro
969 4036 1118 4117 deinceps
1152 4039 1345 4103 occurebant

171 4145 379 4227 compilatore
403 4165 455 4212 res
479 4167 496 4212 e
519 4149 576 4214 suo
599 4167 684 4213 nexu
700 4148 829 4214 evulsas
850 4167 906 4213 suo
923 4148 1024 4229 ipsius
1041 4148 1173 4215 consilio
1190 4149 1345 4230 adaptare

168 4257 261 4342 pigre
284 4258 521 4338 supersedente.
1184 4242 1187 4248 ¹

274 4369 329 4439 Ad
352 4370 442 4440 tertii
465 4370 580 4452 capitis
604 4371 698 4457 signa
720 4371 907 4456 priusquam
923 4372 1081 4452 accedam,
1104 4373 1184 4438 baec
1200 4371 1344 4457 praefari
