<?xml version="1.0" encoding="UTF-8"?>
<!DOCTYPE html PUBLIC "-//W3C//DTD XHTML 1.0 Transitional//EN"
    "http://www.w3.org/TR/xhtml1/DTD/xhtml1-transitional.dtd">
<html xmlns="http://www.w3.org/1999/xhtml" xml:lang="en" lang="en">
 <head>
  <title>
</title>
<meta http-equiv="Content-Type" content="text/html;charset=utf-8" />
  <meta name='ocr-system' content='tesseract 3.04.00' />
  <meta name='ocr-capabilities' content='ocr_page ocr_carea ocr_par ocr_line ocrx_word'/>
</head>
<body>
  <div class='ocr_page' id='page_1' title='image "./detheophrasteis00boehgoog_0077.png"; bbox 0 0 2948 5160; ppageno 0'>
   <div class='ocr_carea' id='block_1_1' title="bbox 580 580 801 642">
    <p class='ocr_par' dir='ltr' id='par_1_1' title="bbox 580 580 801 642">
     <span class='ocr_line' id='line_1_1' title="bbox 580 580 801 642; baseline -0.005 -14"><span class='ocrx_word' id='word_1_1' title='bbox 580 580 801 642; x_wconf 61' lang='lat' dir='ltr'><em>„pp-</em></span> 
     </span>
    </p>
   </div>
   <div class='ocr_carea' id='block_1_2' title="bbox 101 772 1356 3328">
    <p class='ocr_par' dir='ltr' id='par_1_2' title="bbox 101 772 1356 3328">
     <span class='ocr_line' id='line_1_2' title="bbox 107 772 1278 856; baseline -0.005 -14"><span class='ocrx_word' id='word_1_2' title='bbox 107 795 162 842; x_wconf 83' lang='lat' dir='ltr'><em>sex</em></span> <span class='ocrx_word' id='word_1_3' title='bbox 185 775 340 841; x_wconf 82' lang='lat' dir='ltr'>articulos</span> <span class='ocrx_word' id='word_1_4' title='bbox 364 774 482 856; x_wconf 87' lang='lat' dir='ltr'>optime</span> <span class='ocrx_word' id='word_1_5' title='bbox 506 795 576 840; x_wconf 90' lang='lat' dir='ltr'><em>cum</em></span> <span class='ocrx_word' id='word_1_6' title='bbox 599 777 695 841; x_wconf 80' lang='lat' dir='ltr'>rebus</span> <span class='ocrx_word' id='word_1_7' title='bbox 717 774 797 856; x_wconf 78' lang='lat' dir='ltr'>ipsis</span> <span class='ocrx_word' id='word_1_8' title='bbox 821 772 1052 854; x_wconf 75' lang='lat' dir='ltr'>conspirantes,</span> <span class='ocrx_word' id='word_1_9' title='bbox 1100 773 1219 837; x_wconf 84' lang='lat' dir='ltr'>Restat</span> <span class='ocrx_word' id='word_1_10' title='bbox 1241 775 1278 836; x_wconf 90' lang='lat' dir='ltr'><em>ut</em></span> 
     </span>
     <span class='ocr_line' id='line_1_3' title="bbox 105 884 1277 968; baseline -0.005 -16"><span class='ocrx_word' id='word_1_11' title='bbox 105 887 359 953; x_wconf 82' lang='lat' dir='ltr'>demonstremus</span> <span class='ocrx_word' id='word_1_12' title='bbox 391 906 452 966; x_wconf 86' lang='lat' dir='ltr'><em>quo</em></span> <span class='ocrx_word' id='word_1_13' title='bbox 484 893 628 968; x_wconf 88' lang='lat' dir='ltr'>tempore</span> <span class='ocrx_word' id='word_1_14' title='bbox 664 886 844 952; x_wconf 83' lang='lat' dir='ltr'>absolutum</span> <span class='ocrx_word' id='word_1_15' title='bbox 883 884 926 949; x_wconf 82' lang='lat' dir='ltr'><em>sit</em></span> <span class='ocrx_word' id='word_1_16' title='bbox 960 891 1033 950; x_wconf 89' lang='lat' dir='ltr'>octo</span> <span class='ocrx_word' id='word_1_17' title='bbox 1067 884 1277 949; x_wconf 85' lang='lat' dir='ltr'>articulorum</span> 
     </span>
     <span class='ocr_line' id='line_1_4' title="bbox 103 994 1278 1081; baseline -0.006 -16"><span class='ocrx_word' id='word_1_18' title='bbox 103 1004 257 1081; x_wconf 78' lang='lat' dir='ltr'>systema.</span> <span class='ocrx_word' id='word_1_19' title='bbox 306 996 378 1080; x_wconf 80' lang='lat' dir='ltr'><em>Qua</em></span> <span class='ocrx_word' id='word_1_20' title='bbox 401 997 434 1062; x_wconf 92' lang='lat' dir='ltr'><em>in</em></span> <span class='ocrx_word' id='word_1_21' title='bbox 457 1018 492 1062; x_wconf 91' lang='lat' dir='ltr'><em>re</em></span> <span class='ocrx_word' id='word_1_22' title='bbox 514 998 595 1063; x_wconf 88' lang='lat' dir='ltr'>nihil</span> <span class='ocrx_word' id='word_1_23' title='bbox 618 997 800 1079; x_wconf 87' lang='lat' dir='ltr'>proficimus</span> <span class='ocrx_word' id='word_1_24' title='bbox 824 996 1039 1076; x_wconf 63' lang='lat' dir='ltr'>explorantem</span> <span class='ocrx_word' id='word_1_25' title='bbox 1063 995 1118 1060; x_wconf 91' lang='lat' dir='ltr'><em>ubi</em></span> <span class='ocrx_word' id='word_1_26' title='bbox 1141 994 1278 1076; x_wconf 88' lang='lat' dir='ltr'>primum</span> 
     </span>
     <span class='ocr_line' id='line_1_5' title="bbox 103 1107 1278 1192; baseline -0.005 -16"><span class='ocrx_word' id='word_1_27' title='bbox 103 1115 254 1176; x_wconf 88' lang='lat' dir='ltr'>occurrat</span> <span class='ocrx_word' id='word_1_28' title='bbox 281 1116 397 1189; x_wconf 86' lang='lat' dir='ltr'>quarta</span> <span class='ocrx_word' id='word_1_29' title='bbox 426 1111 522 1174; x_wconf 88' lang='lat' dir='ltr'>lunae</span> <span class='ocrx_word' id='word_1_30' title='bbox 549 1110 663 1192; x_wconf 83' lang='lat' dir='ltr'>figura,</span> <span class='ocrx_word' id='word_1_31' title='bbox 688 1109 826 1190; x_wconf 90' lang='lat' dir='ltr'>quaein</span> <span class='ocrx_word' id='word_1_32' title='bbox 849 1107 1022 1188; x_wconf 80' lang='lat' dir='ltr'>Excerptis</span> <span class='ocrx_word' id='word_1_33' title='bbox 1045 1107 1143 1172; x_wconf 86' lang='lat' dir='ltr'>deest.</span> <span class='ocrx_word' id='word_1_34' title='bbox 1192 1107 1278 1171; x_wconf 90' lang='lat' dir='ltr'><em>Nam</em></span> 
     </span>
     <span class='ocr_line' id='line_1_6' title="bbox 103 1219 1278 1301; baseline -0.005 -13"><span class='ocrx_word' id='word_1_35' title='bbox 103 1222 159 1288; x_wconf 81' lang='lat' dir='ltr'><em>vel</em></span> <span class='ocrx_word' id='word_1_36' title='bbox 180 1221 255 1286; x_wconf 91' lang='lat' dir='ltr'>inde</span> <span class='ocrx_word' id='word_1_37' title='bbox 277 1222 319 1284; x_wconf 91' lang='lat' dir='ltr'><em>ab</em></span> <span class='ocrx_word' id='word_1_38' title='bbox 335 1220 527 1287; x_wconf 85' lang='lat' dir='ltr'>Aristotelis</span> <span class='ocrx_word' id='word_1_39' title='bbox 543 1226 652 1285; x_wconf 90' lang='lat' dir='ltr'>aetate</span> <span class='ocrx_word' id='word_1_40' title='bbox 667 1226 821 1301; x_wconf 85' lang='lat' dir='ltr'>quattuor</span> <span class='ocrx_word' id='word_1_41' title='bbox 843 1219 876 1284; x_wconf 92' lang='lat' dir='ltr'><em>in</em></span> <span class='ocrx_word' id='word_1_42' title='bbox 897 1220 992 1283; x_wconf 87' lang='lat' dir='ltr'>lunae</span> <span class='ocrx_word' id='word_1_43' title='bbox 1007 1234 1102 1284; x_wconf 85' lang='lat' dir='ltr'>cursu</span> <span class='ocrx_word' id='word_1_44' title='bbox 1118 1223 1278 1283; x_wconf 91' lang='lat' dir='ltr'>momenta</span> 
     </span>
     <span class='ocr_line' id='line_1_7' title="bbox 104 1332 1277 1420; baseline 0 -22"><span class='ocrx_word' id='word_1_45' title='bbox 104 1332 333 1415; x_wconf 84' lang='lat' dir='ltr'>disiunguntur</span> <span class='ocrx_word' id='word_1_46' title='bbox 346 1338 366 1416; x_wconf 64' lang='grc' dir='ltr'><em>Ι)</em></span> <span class='ocrx_word' id='word_1_47' title='bbox 393 1332 545 1412; x_wconf 85' lang='lat' dir='ltr'>atquem</span> <span class='ocrx_word' id='word_1_48' title='bbox 569 1332 648 1413; x_wconf 86' lang='lat' dir='ltr'>ipsis</span> <span class='ocrx_word' id='word_1_49' title='bbox 672 1332 844 1412; x_wconf 83' lang='lat' dir='ltr'>Excerptis</span> <span class='ocrx_word' id='word_1_50' title='bbox 872 1335 1137 1395; x_wconf 79' lang='lat' dir='ltr'>commemoratur</span> <span class='ocrx_word' id='word_1_51' title='bbox 1160 1333 1277 1420; x_wconf 76' lang='grc' dir='ltr'><em>οιλήνη</em></span> 
     </span>
     <span class='ocr_line' id='line_1_8' title="bbox 106 1441 1279 1533; baseline -0.007 -21"><span class='ocrx_word' id='word_1_52' title='bbox 106 1446 305 1533; x_wconf 78' lang='grc' dir='ltr'><em>α’μμίκορτος</em></span> <span class='ocrx_word' id='word_1_53' title='bbox 334 1450 366 1526; x_wconf 68' lang='grc' dir='ltr'><em>(ξ</em></span> <span class='ocrx_word' id='word_1_54' title='bbox 394 1445 459 1527; x_wconf 77' lang='grc'>56),</span> <span class='ocrx_word' id='word_1_55' title='bbox 493 1450 600 1509; x_wconf 90' lang='lat' dir='ltr'>tamen</span> <span class='ocrx_word' id='word_1_56' title='bbox 631 1444 665 1508; x_wconf 92' lang='lat' dir='ltr'><em>in</em></span> <span class='ocrx_word' id='word_1_57' title='bbox 697 1441 978 1508; x_wconf 86' lang='lat' dir='ltr'>meteoromantiae</span> <span class='ocrx_word' id='word_1_58' title='bbox 1015 1441 1162 1507; x_wconf 85' lang='lat' dir='ltr'>doctrina</span> <span class='ocrx_word' id='word_1_59' title='bbox 1199 1441 1279 1505; x_wconf 82' lang='lat' dir='ltr'>desi-</span> 
     </span>
     <span class='ocr_line' id='line_1_9' title="bbox 106 1551 1279 1636; baseline -0.003 -17"><span class='ocrx_word' id='word_1_60' title='bbox 106 1555 248 1620; x_wconf 88' lang='lat' dir='ltr'>deratur.</span> <span class='ocrx_word' id='word_1_61' title='bbox 294 1556 407 1634; x_wconf 89' lang='lat' dir='ltr'>Neque</span> <span class='ocrx_word' id='word_1_62' title='bbox 430 1554 534 1636; x_wconf 82' lang='lat' dir='ltr'>magis</span> <span class='ocrx_word' id='word_1_63' title='bbox 557 1556 641 1620; x_wconf 90' lang='lat' dir='ltr'>hunc</span> <span class='ocrx_word' id='word_1_64' title='bbox 664 1573 755 1619; x_wconf 84' lang='lat' dir='ltr'>usum</span> <span class='ocrx_word' id='word_1_65' title='bbox 779 1555 895 1634; x_wconf 88' lang='lat' dir='ltr'>probat</span> <span class='ocrx_word' id='word_1_66' title='bbox 920 1551 1086 1630; x_wconf 82' lang='lat' dir='ltr'>Geminus,</span> <span class='ocrx_word' id='word_1_67' title='bbox 1111 1551 1165 1632; x_wconf 87' lang='lat' dir='ltr'><em>qui</em></span> <span class='ocrx_word' id='word_1_68' title='bbox 1189 1551 1279 1616; x_wconf 84' lang='lat' dir='ltr'>Posi-</span> 
     </span>
     <span class='ocr_line' id='line_1_10' title="bbox 106 1662 1278 1748; baseline -0.003 -17"><span class='ocrx_word' id='word_1_69' title='bbox 106 1665 236 1731; x_wconf 84' lang='lat' dir='ltr'>donium</span> <span class='ocrx_word' id='word_1_70' title='bbox 258 1666 449 1748; x_wconf 82' lang='lat' dir='ltr'>magistrum</span> <span class='ocrx_word' id='word_1_71' title='bbox 473 1674 601 1732; x_wconf 84' lang='lat' dir='ltr'>secutus</span> <span class='ocrx_word' id='word_1_72' title='bbox 625 1667 748 1748; x_wconf 76' lang='lat' dir='ltr'>(Stobb.</span> <span class='ocrx_word' id='word_1_73' title='bbox 774 1667 865 1746; x_wconf 88' lang='lat' dir='ltr'>phys.</span> <span class='ocrx_word' id='word_1_74' title='bbox 891 1665 948 1728; x_wconf 88' lang='lat' dir='ltr'>ecl.</span> <span class='ocrx_word' id='word_1_75' title='bbox 974 1664 992 1728; x_wconf 92' lang='grc' dir='ltr'>Ι</span> <span class='ocrx_word' id='word_1_76' title='bbox 1016 1684 1041 1728; x_wconf 92' lang='lat' dir='ltr'><em>c.</em></span> <span class='ocrx_word' id='word_1_77' title='bbox 1067 1666 1122 1747; x_wconf 75' lang='grc'><em>26)</em></span> <span class='ocrx_word' id='word_1_78' title='bbox 1150 1662 1183 1727; x_wconf 90' lang='lat' dir='ltr'><em>in</em></span> <span class='ocrx_word' id='word_1_79' title='bbox 1207 1669 1278 1728; x_wconf 91' lang='lat' dir='ltr'>octo</span> 
     </span>
     <span class='ocr_line' id='line_1_11' title="bbox 105 1774 1279 1858; baseline -0.003 -18"><span class='ocrx_word' id='word_1_80' title='bbox 105 1783 217 1858; x_wconf 85' lang='lat' dir='ltr'>partes</span> <span class='ocrx_word' id='word_1_81' title='bbox 233 1776 328 1841; x_wconf 92' lang='lat' dir='ltr'>lunae</span> <span class='ocrx_word' id='word_1_82' title='bbox 344 1777 511 1843; x_wconf 86' lang='lat' dir='ltr'>circuitum</span> <span class='ocrx_word' id='word_1_83' title='bbox 528 1777 648 1845; x_wconf 88' lang='lat' dir='ltr'>divisit.</span> <span class='ocrx_word' id='word_1_84' title='bbox 689 1778 753 1844; x_wconf 80' lang='lat' dir='ltr'><em>Sed</em></span> <span class='ocrx_word' id='word_1_85' title='bbox 768 1783 875 1841; x_wconf 89' lang='lat' dir='ltr'>tamen</span> <span class='ocrx_word' id='word_1_86' title='bbox 891 1774 959 1840; x_wconf 87' lang='lat' dir='ltr'>eius</span> <span class='ocrx_word' id='word_1_87' title='bbox 976 1776 1075 1841; x_wconf 88' lang='lat' dir='ltr'>verba</span> <span class='ocrx_word' id='word_1_88' title='bbox 1091 1775 1279 1855; x_wconf 85' lang='lat' dir='ltr'>apponenda</span> 
     </span>
     <span class='ocr_line' id='line_1_12' title="bbox 105 1886 1279 1970; baseline -0.002 -18"><span class='ocrx_word' id='word_1_89' title='bbox 105 1893 195 1969; x_wconf 84' lang='lat' dir='ltr'>puto,</span> <span class='ocrx_word' id='word_1_90' title='bbox 220 1887 336 1968; x_wconf 88' lang='lat' dir='ltr'>quippe</span> <span class='ocrx_word' id='word_1_91' title='bbox 359 1889 414 1968; x_wconf 87' lang='lat' dir='ltr'><em>qui</em></span> <span class='ocrx_word' id='word_1_92' title='bbox 437 1889 556 1970; x_wconf 89' lang='lat' dir='ltr'>optime</span> <span class='ocrx_word' id='word_1_93' title='bbox 579 1889 727 1969; x_wconf 84' lang='lat' dir='ltr'>explicet,</span> <span class='ocrx_word' id='word_1_94' title='bbox 752 1888 867 1968; x_wconf 88' lang='lat' dir='ltr'>quibus</span> <span class='ocrx_word' id='word_1_95' title='bbox 890 1886 1142 1952; x_wconf 82' lang='lat' dir='ltr'><em>difficultatibus¹</em></span> <span class='ocrx_word' id='word_1_96' title='bbox 1153 1887 1279 1951; x_wconf 90' lang='lat' dir='ltr'>laboret</span> 
     </span>
     <span class='ocr_line' id='line_1_13' title="bbox 106 1998 1279 2085; baseline -0.001 -21"><span class='ocrx_word' id='word_1_97' title='bbox 106 1998 260 2065; x_wconf 84' lang='lat' dir='ltr'>eiusmodi</span> <span class='ocrx_word' id='word_1_98' title='bbox 288 2000 402 2075; x_wconf 78' lang='lat' dir='ltr'>divisio</span> <span class='ocrx_word' id='word_1_99' title='bbox 432 2002 542 2084; x_wconf 83' lang='lat' dir='ltr'>,‚Isag.</span> <span class='ocrx_word' id='word_1_100' title='bbox 570 2002 604 2066; x_wconf 90' lang='lat' dir='ltr'><em>in</em></span> <span class='ocrx_word' id='word_1_101' title='bbox 631 2003 752 2066; x_wconf 83' lang='lat' dir='ltr'>Phaon.</span> <span class='ocrx_word' id='word_1_102' title='bbox 782 2020 811 2081; x_wconf 90' lang='lat' dir='ltr'><em>p.</em></span> <span class='ocrx_word' id='word_1_103' title='bbox 841 2003 884 2066; x_wconf 80' lang='lat'><em>39</em></span> <span class='ocrx_word' id='word_1_104' title='bbox 912 2021 939 2066; x_wconf 91' lang='lat' dir='ltr'><em>e.</em></span> <span class='ocrx_word' id='word_1_105' title='bbox 968 2002 1083 2066; x_wconf 89' lang='lat' dir='ltr'>Petav.</span> <span class='ocrx_word' id='word_1_106' title='bbox 1112 2000 1279 2085; x_wconf 72' lang='grc' dir='ltr'><em>λαμβάνει</em></span> 
     </span>
     <span class='ocr_line' id='line_1_14' title="bbox 108 2112 1278 2206; baseline -0.003 -26"><span class='ocrx_word' id='word_1_107' title='bbox 108 2115 183 2192; x_wconf 87' lang='grc' dir='ltr'><em>τοδς</em></span> <span class='ocrx_word' id='word_1_108' title='bbox 213 2114 346 2193; x_wconf 80' lang='grc' dir='ltr'><em>πάντας</em></span> <span class='ocrx_word' id='word_1_109' title='bbox 380 2119 622 2203; x_wconf 86' lang='grc' dir='ltr'><em>σχηματισμοδς</em></span> <span class='ocrx_word' id='word_1_110' title='bbox 655 2116 675 2204; x_wconf 78' lang='grc' dir='ltr'><em>ἤ</em></span> <span class='ocrx_word' id='word_1_111' title='bbox 709 2117 825 2203; x_wconf 79' lang='grc' dir='ltr'><em>σελήνη</em></span> <span class='ocrx_word' id='word_1_112' title='bbox 858 2119 895 2184; x_wconf 73' lang='grc' dir='ltr'><em>έν</em></span> <span class='ocrx_word' id='word_1_113' title='bbox 927 2119 973 2206; x_wconf 77' lang='grc' dir='ltr'><em>τῷ</em></span> <span class='ocrx_word' id='word_1_114' title='bbox 1002 2125 1145 2203; x_wconf 81' lang='grc' dir='ltr'><em>μηνιαίομ</em></span> <span class='ocrx_word' id='word_1_115' title='bbox 1173 2112 1278 2201; x_wconf 85' lang='grc' dir='ltr'><em>χρόνῳ</em></span> 
     </span>
     <span class='ocr_line' id='line_1_15' title="bbox 111 2225 1279 2314; baseline -0.001 -25"><span class='ocrx_word' id='word_1_116' title='bbox 111 2234 274 2313; x_wconf 82' lang='grc' dir='ltr'><em>τέσσαρας,</em></span> <span class='ocrx_word' id='word_1_117' title='bbox 301 2228 350 2304; x_wconf 79' lang='grc' dir='ltr'><em>δῐς</em></span> <span class='ocrx_word' id='word_1_118' title='bbox 374 2226 495 2306; x_wconf 74' lang='grc' dir='ltr'><em>αιῗτοδς</em></span> <span class='ocrx_word' id='word_1_119' title='bbox 519 2227 728 2296; x_wconf 73' lang='grc' dir='ltr'><em>α’ποτελοῦσα</em></span> <span class='ocrx_word' id='word_1_120' title='bbox 749 2248 754 2258; x_wconf 85' lang='grc'><strong>’</strong></span> <span class='ocrx_word' id='word_1_121' title='bbox 772 2235 833 2294; x_wconf 77' lang='grc' dir='ltr'><em>εἰσὶ</em></span> <span class='ocrx_word' id='word_1_122' title='bbox 858 2230 893 2294; x_wconf 78' lang='grc' dir='ltr'><em>δὲ</em></span> <span class='ocrx_word' id='word_1_123' title='bbox 918 2234 948 2293; x_wconf 81' lang='lat' dir='ltr'><em>oi</em></span> <span class='ocrx_word' id='word_1_124' title='bbox 965 2234 1180 2314; x_wconf 74' lang='grc' dir='ltr'><strong><em>σχηματισμοὶ</em></strong></span> <span class='ocrx_word' id='word_1_125' title='bbox 1201 2225 1279 2300; x_wconf 78' lang='grc' dir='ltr'><em>οἵδε,</em></span> 
     </span>
     <span class='ocr_line' id='line_1_16' title="bbox 112 2331 1280 2430; baseline 0 -27"><span class='ocrx_word' id='word_1_126' title='bbox 112 2338 277 2424; x_wconf 73' lang='grc' dir='ltr'><em>μηνοειδής</em></span> <span class='ocrx_word' id='word_1_127' title='bbox 302 2339 472 2424; x_wconf 78' lang='grc' dir='ltr'><em>διχότομος</em></span> <span class='ocrx_word' id='word_1_128' title='bbox 489 2339 687 2430; x_wconf 77' lang='grc' dir='ltr'><em>οἶμηίκορτος</em></span> <span class='ocrx_word' id='word_1_129' title='bbox 703 2343 908 2428; x_wconf 71' lang='grc' dir='ltr'><em>πανσέληνος</em></span> <span class='ocrx_word' id='word_1_130' title='bbox 928 2360 933 2370; x_wconf 88' lang='grc'><strong>’</strong></span> <span class='ocrx_word' id='word_1_131' title='bbox 949 2340 1123 2427; x_wconf 72' lang='grc' dir='ltr'><em>μηνοειδής</em></span> <span class='ocrx_word' id='word_1_132' title='bbox 1142 2343 1204 2422; x_wconf 77' lang='grc' dir='ltr'><em>μὲν</em></span> <span class='ocrx_word' id='word_1_133' title='bbox 1220 2331 1280 2404; x_wconf 70' lang='grc' dir='ltr'><em>οὖν</em></span> 
     </span>
     <span class='ocr_line' id='line_1_17' title="bbox 112 2450 1281 2541; baseline 0.003 -29"><span class='ocrx_word' id='word_1_134' title='bbox 112 2459 232 2530; x_wconf 82' lang='grc' dir='ltr'><em>χίνιται</em></span> <span class='ocrx_word' id='word_1_135' title='bbox 261 2460 335 2537; x_wconf 80' lang='grc' dir='ltr'><em>περὶ</em></span> <span class='ocrx_word' id='word_1_136' title='bbox 363 2452 424 2528; x_wconf 80' lang='grc' dir='ltr'><em>τοὶς</em></span> <span class='ocrx_word' id='word_1_137' title='bbox 453 2450 560 2538; x_wconf 83' lang='grc' dir='ltr'><em>οἷρχδς</em></span> <span class='ocrx_word' id='word_1_138' title='bbox 588 2457 655 2520; x_wconf 75' lang='grc' dir='ltr'><em>τοῖν</em></span> <span class='ocrx_word' id='word_1_139' title='bbox 686 2456 810 2541; x_wconf 74' lang='grc' dir='ltr'><em>μηνῶν,</em></span> <span class='ocrx_word' id='word_1_140' title='bbox 845 2453 1015 2537; x_wconf 78' lang='grc' dir='ltr'><em>διχότομος</em></span> <span class='ocrx_word' id='word_1_141' title='bbox 1049 2453 1084 2517; x_wconf 75' lang='grc' dir='ltr'><em>δὲ</em></span> <span class='ocrx_word' id='word_1_142' title='bbox 1118 2460 1193 2537; x_wconf 61' lang='grc' dir='ltr'><em>περὶ</em></span> <span class='ocrx_word' id='word_1_143' title='bbox 1220 2451 1281 2537; x_wconf 79' lang='grc' dir='ltr'><em>την</em></span> 
     </span>
     <span class='ocr_line' id='line_1_18' title="bbox 106 2556 1279 2654; baseline 0.002 -30"><span class='ocrx_word' id='word_1_144' title='bbox 106 2556 226 2645; x_wconf 81' lang='grc' dir='ltr'><em>όχδόην</em></span> <span class='ocrx_word' id='word_1_145' title='bbox 248 2564 307 2627; x_wconf 79' lang='grc' dir='ltr'><em>τοῦ</em></span> <span class='ocrx_word' id='word_1_146' title='bbox 329 2563 432 2649; x_wconf 89' lang='grc' dir='ltr'><em>μηνός</em></span> <span class='ocrx_word' id='word_1_147' title='bbox 450 2581 455 2592; x_wconf 92' lang='grc'><strong>’</strong></span> <span class='ocrx_word' id='word_1_148' title='bbox 474 2562 674 2654; x_wconf 70' lang='grc' dir='ltr'><em>οἷμομίκνρτος</em></span> <span class='ocrx_word' id='word_1_149' title='bbox 703 2567 741 2630; x_wconf 75' lang='grc' dir='ltr'><em>δὲ</em></span> <span class='ocrx_word' id='word_1_150' title='bbox 767 2575 842 2651; x_wconf 78' lang='grc' dir='ltr'><em>περὶ</em></span> <span class='ocrx_word' id='word_1_151' title='bbox 865 2565 927 2651; x_wconf 82' lang='grc' dir='ltr'><em>την</em></span> <span class='ocrx_word' id='word_1_152' title='bbox 951 2563 1141 2649; x_wconf 71' lang='grc' dir='ltr'><em>δωδεκάτην</em></span> <span class='ocrx_word' id='word_1_153' title='bbox 1160 2580 1279 2629; x_wconf 87' lang='grc' dir='ltr'><em>’πανσ-</em></span> 
     </span>
     <span class='ocr_line' id='line_1_19' title="bbox 103 2673 1280 2763; baseline 0.005 -28"><span class='ocrx_word' id='word_1_154' title='bbox 103 2681 216 2757; x_wconf 80' lang='grc' dir='ltr'><em>έληιός</em></span> <span class='ocrx_word' id='word_1_155' title='bbox 241 2673 276 2737; x_wconf 75' lang='grc' dir='ltr'><em>δὲ</em></span> <span class='ocrx_word' id='word_1_156' title='bbox 300 2684 375 2759; x_wconf 68' lang='grc' dir='ltr'><em>περὶ</em></span> <span class='ocrx_word' id='word_1_157' title='bbox 399 2676 459 2761; x_wconf 78' lang='grc' dir='ltr'><em>τήν</em></span> <span class='ocrx_word' id='word_1_158' title='bbox 483 2676 680 2763; x_wconf 85' lang='grc' dir='ltr'><em>διχομηνίαν</em></span> <span class='ocrx_word' id='word_1_159' title='bbox 699 2685 756 2742; x_wconf 80' lang='grc' dir='ltr'><em>καὶ</em></span> <span class='ocrx_word' id='word_1_160' title='bbox 772 2676 880 2743; x_wconf 78' lang='grc' dir='ltr'><em>πάλιν</em></span> <span class='ocrx_word' id='word_1_161' title='bbox 896 2675 1096 2762; x_wconf 67' lang='grc' dir='ltr'><em>οἶμςοίκνρτος</em></span> <span class='ocrx_word' id='word_1_162' title='bbox 1111 2674 1194 2758; x_wconf 75' lang='grc' dir='ltr'><em>μέτα</em></span> <span class='ocrx_word' id='word_1_163' title='bbox 1220 2675 1280 2761; x_wconf 78' lang='grc' dir='ltr'><em>την</em></span> 
     </span>
     <span class='ocr_line' id='line_1_20' title="bbox 101 2780 1307 2876; baseline 0.002 -29"><span class='ocrx_word' id='word_1_164' title='bbox 101 2784 308 2870; x_wconf 82' lang='grc' dir='ltr'><em>διχομηνίαν,</em></span> <span class='ocrx_word' id='word_1_165' title='bbox 342 2786 511 2871; x_wconf 82' lang='grc' dir='ltr'><em>διχότομος</em></span> <span class='ocrx_word' id='word_1_166' title='bbox 536 2789 571 2853; x_wconf 79' lang='grc' dir='ltr'><em>δὲ</em></span> <span class='ocrx_word' id='word_1_167' title='bbox 595 2799 670 2875; x_wconf 76' lang='grc' dir='ltr'><em>περὶ</em></span> <span class='ocrx_word' id='word_1_168' title='bbox 694 2789 755 2876; x_wconf 80' lang='grc' dir='ltr'><em>την</em></span> <span class='ocrx_word' id='word_1_169' title='bbox 778 2787 926 2875; x_wconf 72' lang='grc' dir='ltr'><em>εἰκοστήν</em></span> <span class='ocrx_word' id='word_1_170' title='bbox 953 2799 1062 2875; x_wconf 80' lang='grc' dir='ltr'><em>τρίτην</em></span> <span class='ocrx_word' id='word_1_171' title='bbox 1080 2803 1085 2815; x_wconf 88' lang='grc'><strong>’</strong></span> <span class='ocrx_word' id='word_1_172' title='bbox 1103 2786 1277 2872; x_wconf 68' lang='grc' dir='ltr'><em>μηνοειδής</em></span> <span class='ocrx_word' id='word_1_173' title='bbox 1304 2780 1307 2785; x_wconf 42' lang='grc'><em>“</em></span> 
     </span>
     <span class='ocr_line' id='line_1_21' title="bbox 102 2896 1277 2988; baseline 0.001 -29"><span class='ocrx_word' id='word_1_174' title='bbox 102 2896 139 2960; x_wconf 76' lang='grc' dir='ltr'><em>δὲ</em></span> <span class='ocrx_word' id='word_1_175' title='bbox 168 2905 243 2983; x_wconf 75' lang='grc' dir='ltr'><em>περὶ</em></span> <span class='ocrx_word' id='word_1_176' title='bbox 270 2897 312 2961; x_wconf 77' lang='grc' dir='ltr'><em>τα</em></span> <span class='ocrx_word' id='word_1_177' title='bbox 342 2896 465 2980; x_wconf 67' lang='grc' dir='ltr'><em>ἔσχατα</em></span> <span class='ocrx_word' id='word_1_178' title='bbox 494 2903 560 2965; x_wconf 73' lang='grc' dir='ltr'><em>τοῖν</em></span> <span class='ocrx_word' id='word_1_179' title='bbox 587 2903 709 2988; x_wconf 71' lang='grc' dir='ltr'><em>μηνοῖν.</em></span> <span class='ocrx_word' id='word_1_180' title='bbox 760 2898 810 2967; x_wconf 87' lang='lat' dir='ltr'><em>Oc&#39;</em></span> <span class='ocrx_word' id='word_1_181' title='bbox 838 2900 895 2965; x_wconf 77' lang='grc' dir='ltr'><em>διοὲ</em></span> <span class='ocrx_word' id='word_1_182' title='bbox 925 2899 1052 2976; x_wconf 87' lang='grc' dir='ltr'><em>παντός</em></span> <span class='ocrx_word' id='word_1_183' title='bbox 1081 2899 1118 2963; x_wconf 75' lang='grc' dir='ltr'><em>δὲ</em></span> <span class='ocrx_word' id='word_1_184' title='bbox 1145 2898 1183 2964; x_wconf 76' lang='grc' dir='ltr'><em>ἐν</em></span> <span class='ocrx_word' id='word_1_185' title='bbox 1205 2913 1277 2973; x_wconf 83' lang='grc' dir='ltr'><em>ταῖς</em></span> 
     </span>
     <span class='ocr_line' id='line_1_22' title="bbox 105 3004 1277 3099; baseline 0.002 -29"><span class='ocrx_word' id='word_1_186' title='bbox 105 3004 298 3091; x_wconf 82' lang='grc' dir='ltr'><em>όμοινόμαις</em></span> <span class='ocrx_word' id='word_1_187' title='bbox 325 3007 462 3096; x_wconf 73' lang='grc' dir='ltr'><em>ἡμέραις</em></span> <span class='ocrx_word' id='word_1_188' title='bbox 490 3013 565 3090; x_wconf 83' lang='grc' dir='ltr'><em>τοδς</em></span> <span class='ocrx_word' id='word_1_189' title='bbox 593 3011 715 3090; x_wconf 79' lang='grc' dir='ltr'><em>αότοός</em></span> <span class='ocrx_word' id='word_1_190' title='bbox 744 3010 987 3099; x_wconf 86' lang='grc' dir='ltr'><em>σχηματισμοδς</em></span> <span class='ocrx_word' id='word_1_191' title='bbox 1010 3009 1031 3096; x_wconf 76' lang='grc' dir='ltr'><em>ἦ</em></span> <span class='ocrx_word' id='word_1_192' title='bbox 1056 3009 1173 3096; x_wconf 71' lang='grc' dir='ltr'><em>σελήνη</em></span> <span class='ocrx_word' id='word_1_193' title='bbox 1198 3006 1277 3074; x_wconf 85' lang='grc' dir='ltr'><em>οἷπο-</em></span> 
     </span>
     <span class='ocr_line' id='line_1_23' title="bbox 106 3118 1356 3214; baseline 0.002 -31"><span class='ocrx_word' id='word_1_194' title='bbox 106 3118 196 3192; x_wconf 65' lang='lat' dir='ltr'>criel,</span> <span class='ocrx_word' id='word_1_195' title='bbox 232 3121 307 3186; x_wconf 72' lang='grc' dir='ltr'><em>ἄλλ’</em></span> <span class='ocrx_word' id='word_1_196' title='bbox 337 3124 374 3187; x_wconf 69' lang='grc' dir='ltr'><em>ἐν</em></span> <span class='ocrx_word' id='word_1_197' title='bbox 403 3123 573 3209; x_wconf 73' lang='grc' dir='ltr'><em>διαφόροις</em></span> <span class='ocrx_word' id='word_1_198' title='bbox 602 3123 739 3214; x_wconf 72' lang='grc' dir='ltr'><em>ἡμέραις</em></span> <span class='ocrx_word' id='word_1_199' title='bbox 771 3123 859 3190; x_wconf 75' lang='grc' dir='ltr'><em>κατοὲ</em></span> <span class='ocrx_word' id='word_1_200' title='bbox 893 3123 954 3211; x_wconf 77' lang='grc' dir='ltr'><em>τήν</em></span> <span class='ocrx_word' id='word_1_201' title='bbox 987 3121 1188 3207; x_wconf 82' lang='grc' dir='ltr'><em>οἷνωμαλίαν</em></span> <span class='ocrx_word' id='word_1_202' title='bbox 1220 3123 1277 3206; x_wconf 83' lang='grc' dir='ltr'><em>τῆς</em></span> <span class='ocrx_word' id='word_1_203' title='bbox 1354 3148 1356 3153; x_wconf 80' lang='grc'><strong>’</strong></span> 
     </span>
     <span class='ocr_line' id='line_1_24' title="bbox 107 3231 1277 3328; baseline -0.002 -30"><span class='ocrx_word' id='word_1_204' title='bbox 107 3231 259 3318; x_wconf 68' lang='grc' dir='ltr'><em>κινήσεως</em></span> <span class='ocrx_word' id='word_1_205' title='bbox 282 3250 443 3325; x_wconf 89' lang='grc' dir='ltr'><em>’ταχίστη</em></span> <span class='ocrx_word' id='word_1_206' title='bbox 471 3245 534 3322; x_wconf 75' lang='grc' dir='ltr'><em>μὲν</em></span> <span class='ocrx_word' id='word_1_207' title='bbox 560 3239 624 3328; x_wconf 83' lang='grc' dir='ltr'><em>χοὶρ</em></span> <span class='ocrx_word' id='word_1_208' title='bbox 653 3250 808 3322; x_wconf 72' lang='grc' dir='ltr'><em>(μαίνεται</em></span> <span class='ocrx_word' id='word_1_209' title='bbox 836 3234 857 3324; x_wconf 78' lang='grc' dir='ltr'><em>ἡ</em></span> <span class='ocrx_word' id='word_1_210' title='bbox 885 3236 1002 3324; x_wconf 78' lang='grc' dir='ltr'><em>σελήνη</em></span> <span class='ocrx_word' id='word_1_211' title='bbox 1031 3233 1205 3323; x_wconf 75' lang='grc' dir='ltr'><em>μηνοειδής</em></span> <span class='ocrx_word' id='word_1_212' title='bbox 1237 3237 1277 3328; x_wconf 75' lang='grc' dir='ltr'><em>τῇ</em></span> 
     </span>
    </p>
   </div>
   <div class='ocr_carea' id='block_1_3' title="bbox 105 3347 1278 3448">
    <p class='ocr_par' dir='ltr' id='par_1_3' title="bbox 105 3347 1278 3448">
     <span class='ocr_line' id='line_1_25' title="bbox 105 3347 1278 3448; baseline -0.004 -32"><span class='ocrx_word' id='word_1_213' title='bbox 105 3362 273 3438; x_wconf 81' lang='grc' dir='ltr'><em>νουμηνίᾳ,</em></span> <span class='ocrx_word' id='word_1_214' title='bbox 306 3349 498 3437; x_wconf 70' lang='grc' dir='ltr'><em>βραδντοῖτη</em></span> <span class='ocrx_word' id='word_1_215' title='bbox 528 3352 563 3416; x_wconf 75' lang='grc' dir='ltr'><em>δὲ</em></span> <span class='ocrx_word' id='word_1_216' title='bbox 591 3354 632 3448; x_wconf 79' lang='grc' dir='ltr'><em>τῇ</em></span> <span class='ocrx_word' id='word_1_217' title='bbox 659 3362 747 3446; x_wconf 86' lang='grc' dir='ltr'><em>τρίτη</em></span> <span class='ocrx_word' id='word_1_218' title='bbox 776 3367 781 3377; x_wconf 85' lang='grc'><strong>’</strong></span> <span class='ocrx_word' id='word_1_219' title='bbox 807 3358 865 3413; x_wconf 80' lang='grc' dir='ltr'><em>καὶ</em></span> <span class='ocrx_word' id='word_1_220' title='bbox 891 3360 983 3432; x_wconf 79' lang='grc' dir='ltr'><em>μένει</em></span> <span class='ocrx_word' id='word_1_221' title='bbox 1010 3356 1072 3433; x_wconf 73' lang='grc' dir='ltr'><em>μὲν</em></span> <span class='ocrx_word' id='word_1_222' title='bbox 1104 3347 1278 3433; x_wconf 74' lang='grc' dir='ltr'><em>μηνοειδής</em></span> 
     </span>
    </p>
   </div>
   <div class='ocr_carea' id='block_1_4' title="bbox 59 3456 1278 4548">
    <p class='ocr_par' dir='ltr' id='par_1_4' title="bbox 59 3456 1278 4548">
     <span class='ocr_line' id='line_1_26' title="bbox 103 3456 1275 3549; baseline -0.004 -23"><span class='ocrx_word' id='word_1_223' title='bbox 103 3456 159 3527; x_wconf 82' lang='grc' dir='ltr'><em>ότε</em></span> <span class='ocrx_word' id='word_1_224' title='bbox 180 3468 243 3546; x_wconf 69' lang='grc' dir='ltr'><em>μὲν</em></span> <span class='ocrx_word' id='word_1_225' title='bbox 266 3468 324 3538; x_wconf 78' lang='grc' dir='ltr'><em>ἕως</em></span> <span class='ocrx_word' id='word_1_226' title='bbox 347 3465 406 3549; x_wconf 81' lang='grc' dir='ltr'><em>τῆς</em></span> <span class='ocrx_word' id='word_1_227' title='bbox 429 3473 590 3549; x_wconf 77' lang='grc' dir='ltr'><em>πέμπτης,</em></span> <span class='ocrx_word' id='word_1_228' title='bbox 616 3459 670 3528; x_wconf 82' lang='grc' dir='ltr'><em>ότε</em></span> <span class='ocrx_word' id='word_1_229' title='bbox 687 3463 722 3527; x_wconf 75' lang='grc' dir='ltr'><em>δὲ</em></span> <span class='ocrx_word' id='word_1_230' title='bbox 739 3460 950 3549; x_wconf 74' lang='grc' dir='ltr'><em>βραδύτατον</em></span> <span class='ocrx_word' id='word_1_231' title='bbox 966 3466 1024 3539; x_wconf 74' lang='grc' dir='ltr'><em>ἕως</em></span> <span class='ocrx_word' id='word_1_232' title='bbox 1040 3463 1096 3548; x_wconf 80' lang='grc' dir='ltr'><em>τῆς</em></span> <span class='ocrx_word' id='word_1_233' title='bbox 1113 3459 1275 3544; x_wconf 73' lang='grc' dir='ltr'><em>ἑβδόμης·</em></span> 
     </span>
     <span class='ocr_line' id='line_1_27' title="bbox 105 3568 1276 3662; baseline -0.004 -24"><span class='ocrx_word' id='word_1_234' title='bbox 105 3573 275 3658; x_wconf 87' lang='grc' dir='ltr'><em>διχότομος</em></span> <span class='ocrx_word' id='word_1_235' title='bbox 304 3576 340 3640; x_wconf 74' lang='grc' dir='ltr'><em>δὲ</em></span> <span class='ocrx_word' id='word_1_236' title='bbox 368 3587 494 3658; x_wconf 73' lang='grc' dir='ltr'><em>γίνεται</em></span> <span class='ocrx_word' id='word_1_237' title='bbox 522 3587 657 3662; x_wconf 86' lang='grc' dir='ltr'><em>ταχίστη</em></span> <span class='ocrx_word' id='word_1_238' title='bbox 685 3580 748 3658; x_wconf 77' lang='grc' dir='ltr'><em>μὲν</em></span> <span class='ocrx_word' id='word_1_239' title='bbox 774 3583 849 3661; x_wconf 69' lang='grc' dir='ltr'><em>περὶ</em></span> <span class='ocrx_word' id='word_1_240' title='bbox 876 3573 937 3660; x_wconf 75' lang='grc' dir='ltr'><em>τήν</em></span> <span class='ocrx_word' id='word_1_241' title='bbox 960 3572 1057 3658; x_wconf 71' lang='grc' dir='ltr'><em>ἕκτην</em></span> <span class='ocrx_word' id='word_1_242' title='bbox 1084 3568 1276 3657; x_wconf 80' lang='grc' dir='ltr'><em>βραδντοῖτη</em></span> 
     </span>
     <span class='ocr_line' id='line_1_28' title="bbox 104 3675 1278 3773; baseline -0.008 -25"><span class='ocrx_word' id='word_1_243' title='bbox 104 3684 143 3749; x_wconf 76' lang='grc' dir='ltr'><em>δὲ</em></span> <span class='ocrx_word' id='word_1_244' title='bbox 166 3695 240 3771; x_wconf 74' lang='grc' dir='ltr'><em>περὶ</em></span> <span class='ocrx_word' id='word_1_245' title='bbox 263 3686 324 3772; x_wconf 74' lang='grc' dir='ltr'><em>την</em></span> <span class='ocrx_word' id='word_1_246' title='bbox 348 3684 470 3773; x_wconf 74' lang='grc' dir='ltr'><em>ὀγδόην</em></span> <span class='ocrx_word' id='word_1_247' title='bbox 500 3714 527 3751; x_wconf 85' lang='grc' dir='ltr'><em>κ.</em></span> <span class='ocrx_word' id='word_1_248' title='bbox 552 3713 580 3751; x_wconf 95' lang='grc' dir='ltr'><em>τ.</em></span> <span class='ocrx_word' id='word_1_249' title='bbox 605 3689 632 3752; x_wconf 79' lang='lat' dir='ltr'><em>i.</em></span> <span class='ocrx_word' id='word_1_250' title='bbox 683 3683 777 3748; x_wconf 86' lang='lat' dir='ltr'>Unde</span> <span class='ocrx_word' id='word_1_251' title='bbox 792 3683 937 3763; x_wconf 87' lang='lat' dir='ltr'>sequitur</span> <span class='ocrx_word' id='word_1_252' title='bbox 960 3684 1057 3749; x_wconf 89' lang='lat' dir='ltr'>certis</span> <span class='ocrx_word' id='word_1_253' title='bbox 1080 3681 1192 3746; x_wconf 75' lang='lat' dir='ltr'>(liebus</span> <span class='ocrx_word' id='word_1_254' title='bbox 1216 3675 1278 3740; x_wconf 82' lang='lat' dir='ltr'>sin-</span> 
     </span>
     <span class='ocr_line' id='line_1_29' title="bbox 105 3792 1277 3876; baseline 0.003 -19"><span class='ocrx_word' id='word_1_255' title='bbox 105 3792 183 3874; x_wconf 83' lang='lat' dir='ltr'>gula</span> <span class='ocrx_word' id='word_1_256' title='bbox 206 3812 317 3858; x_wconf 86' lang='lat' dir='ltr'>cursus</span> <span class='ocrx_word' id='word_1_257' title='bbox 340 3800 500 3859; x_wconf 88' lang='lat' dir='ltr'>momenta</span> <span class='ocrx_word' id='word_1_258' title='bbox 527 3794 668 3876; x_wconf 83' lang='lat' dir='ltr'>disiungi</span> <span class='ocrx_word' id='word_1_259' title='bbox 696 3815 758 3860; x_wconf 91' lang='lat' dir='ltr'><em>non</em></span> <span class='ocrx_word' id='word_1_260' title='bbox 785 3814 879 3875; x_wconf 82' lang='lat' dir='ltr'>posse</span> <span class='ocrx_word' id='word_1_261' title='bbox 906 3802 1003 3876; x_wconf 87' lang='lat' dir='ltr'>atque</span> <span class='ocrx_word' id='word_1_262' title='bbox 1030 3796 1115 3861; x_wconf 90' lang='lat' dir='ltr'>inter</span> <span class='ocrx_word' id='word_1_263' title='bbox 1138 3801 1187 3861; x_wconf 88' lang='lat' dir='ltr'><em>tot</em></span> <span class='ocrx_word' id='word_1_264' title='bbox 1210 3796 1277 3861; x_wconf 87' lang='lat' dir='ltr'>dies</span> 
     </span>
     <span class='ocr_line' id='line_1_30' title="bbox 104 3903 1277 3985; baseline 0.003 -17"><span class='ocrx_word' id='word_1_265' title='bbox 104 3903 214 3969; x_wconf 90' lang='lat' dir='ltr'>datam</span> <span class='ocrx_word' id='word_1_266' title='bbox 246 3905 405 3985; x_wconf 85' lang='lat' dir='ltr'>optionem</span> <span class='ocrx_word' id='word_1_267' title='bbox 437 3913 474 3971; x_wconf 92' lang='lat' dir='ltr'><em>ut</em></span> <span class='ocrx_word' id='word_1_268' title='bbox 506 3906 615 3971; x_wconf 86' lang='lat' dir='ltr'>eadem</span> <span class='ocrx_word' id='word_1_269' title='bbox 648 3906 808 3972; x_wconf 86' lang='lat' dir='ltr'>dividendi</span> <span class='ocrx_word' id='word_1_270' title='bbox 841 3908 966 3972; x_wconf 85' lang='lat' dir='ltr'>ratione</span> <span class='ocrx_word' id='word_1_271' title='bbox 996 3908 1143 3973; x_wconf 84' lang='lat' dir='ltr'>adhibita</span> <span class='ocrx_word' id='word_1_272' title='bbox 1170 3913 1277 3974; x_wconf 87' lang='lat' dir='ltr'>tamen</span> 
     </span>
     <span class='ocr_line' id='line_1_31' title="bbox 105 4014 1278 4099; baseline 0.005 -20"><span class='ocrx_word' id='word_1_273' title='bbox 105 4014 225 4081; x_wconf 84' lang='lat' dir='ltr'>diversi</span> <span class='ocrx_word' id='word_1_274' title='bbox 248 4016 315 4082; x_wconf 86' lang='lat' dir='ltr'>dies</span> <span class='ocrx_word' id='word_1_275' title='bbox 339 4016 557 4098; x_wconf 81' lang='lat' dir='ltr'>significantes</span> <span class='ocrx_word' id='word_1_276' title='bbox 586 4017 739 4084; x_wconf 87' lang='lat' dir='ltr'>constitui</span> <span class='ocrx_word' id='word_1_277' title='bbox 765 4019 900 4099; x_wconf 88' lang='lat' dir='ltr'>possint.</span> <span class='ocrx_word' id='word_1_278' title='bbox 946 4021 1123 4086; x_wconf 89' lang='lat' dir='ltr'>Praeterea</span> <span class='ocrx_word' id='word_1_279' title='bbox 1146 4020 1278 4086; x_wconf 86' lang='lat' dir='ltr'>difficile</span> 
     </span>
     <span class='ocr_line' id='line_1_32' title="bbox 104 4127 1277 4221; baseline 0.005 -30"><span class='ocrx_word' id='word_1_280' title='bbox 104 4127 248 4207; x_wconf 87' lang='lat' dir='ltr'>profecto</span> <span class='ocrx_word' id='word_1_281' title='bbox 272 4134 322 4193; x_wconf 84' lang='lat' dir='ltr'><em>est</em></span> <span class='ocrx_word' id='word_1_282' title='bbox 344 4149 483 4195; x_wconf 88' lang='lat' dir='ltr'>mensem</span> <span class='ocrx_word' id='word_1_283' title='bbox 508 4132 572 4221; x_wconf 54' lang='grc' dir='ltr'><em>29η</em></span> <span class='ocrx_word' id='word_1_284' title='bbox 599 4130 667 4195; x_wconf 85' lang='lat' dir='ltr'>dies</span> <span class='ocrx_word' id='word_1_285' title='bbox 694 4133 908 4197; x_wconf 89' lang='lat' dir='ltr'>continentem</span> <span class='ocrx_word' id='word_1_286' title='bbox 936 4130 969 4196; x_wconf 92' lang='lat' dir='ltr'><em>in</em></span> <span class='ocrx_word' id='word_1_287' title='bbox 997 4139 1068 4198; x_wconf 92' lang='lat' dir='ltr'>octo</span> <span class='ocrx_word' id='word_1_288' title='bbox 1097 4138 1206 4213; x_wconf 86' lang='lat' dir='ltr'>partes</span> <span class='ocrx_word' id='word_1_289' title='bbox 1229 4132 1277 4197; x_wconf 89' lang='lat' dir='ltr'><em>ita</em></span> 
     </span>
     <span class='ocr_line' id='line_1_33' title="bbox 105 4226 1276 4324; baseline 0.004 -21"><span class='ocrx_word' id='word_1_290' title='bbox 105 4237 248 4304; x_wconf 86' lang='lat' dir='ltr'>dividere</span> <span class='ocrx_word' id='word_1_291' title='bbox 271 4246 307 4305; x_wconf 90' lang='lat' dir='ltr'><em>ut</em></span> <span class='ocrx_word' id='word_1_292' title='bbox 330 4240 450 4322; x_wconf 83' lang='lat' dir='ltr'>singuli</span> <span class='ocrx_word' id='word_1_293' title='bbox 473 4242 603 4308; x_wconf 89' lang='lat' dir='ltr'>articuli</span> <span class='ocrx_word' id='word_1_294' title='bbox 626 4226 666 4306; x_wconf 84' lang='lat' dir='ltr'><em>ex</em></span> <span class='ocrx_word' id='word_1_295' title='bbox 688 4242 792 4323; x_wconf 87' lang='lat' dir='ltr'>plenis</span> <span class='ocrx_word' id='word_1_296' title='bbox 808 4243 919 4309; x_wconf 86' lang='lat' dir='ltr'>diebus</span> <span class='ocrx_word' id='word_1_297' title='bbox 935 4249 1096 4309; x_wconf 76' lang='lat' dir='ltr'>constent!</span> <span class='ocrx_word' id='word_1_298' title='bbox 1137 4244 1200 4311; x_wconf 86' lang='lat' dir='ltr'><em>Sed</em></span> <span class='ocrx_word' id='word_1_299' title='bbox 1215 4263 1276 4324; x_wconf 91' lang='lat' dir='ltr'><em>quo</em></span> 
     </span>
     <span class='ocr_line' id='line_1_34' title="bbox 59 4352 1275 4434; baseline 0.005 -21"><span class='ocrx_word' id='word_1_300' title='bbox 59 4418 62 4422; x_wconf 68' lang='grc'><strong>,</strong></span> <span class='ocrx_word' id='word_1_301' title='bbox 106 4354 209 4433; x_wconf 84' lang='lat' dir='ltr'>magis</span> <span class='ocrx_word' id='word_1_302' title='bbox 233 4370 318 4434; x_wconf 78' lang='lat' dir='ltr'>vaga</span> <span class='ocrx_word' id='word_1_303' title='bbox 341 4358 374 4416; x_wconf 92' lang='lat' dir='ltr'><em>et</em></span> <span class='ocrx_word' id='word_1_304' title='bbox 396 4352 493 4418; x_wconf 82' lang='lat' dir='ltr'>certis</span> <span class='ocrx_word' id='word_1_305' title='bbox 509 4354 688 4419; x_wconf 85' lang='lat' dir='ltr'>rationibus</span> <span class='ocrx_word' id='word_1_306' title='bbox 705 4354 813 4420; x_wconf 88' lang='lat' dir='ltr'>soluta</span> <span class='ocrx_word' id='word_1_307' title='bbox 829 4375 899 4421; x_wconf 86' lang='lat' dir='ltr'>esse</span> <span class='ocrx_word' id='word_1_308' title='bbox 914 4354 1042 4422; x_wconf 85' lang='lat' dir='ltr'>videtur</span> <span class='ocrx_word' id='word_1_309' title='bbox 1056 4357 1135 4420; x_wconf 88' lang='lat' dir='ltr'>haec</span> <span class='ocrx_word' id='word_1_310' title='bbox 1151 4354 1275 4433; x_wconf 86' lang='lat' dir='ltr'>divisio,</span> 
     </span>
     <span class='ocr_line' id='line_1_35' title="bbox 105 4461 1276 4548; baseline 0.003 -21"><span class='ocrx_word' id='word_1_311' title='bbox 105 4480 142 4527; x_wconf 89' lang='lat' dir='ltr'><em>eo</em></span> <span class='ocrx_word' id='word_1_312' title='bbox 165 4461 296 4527; x_wconf 86' lang='lat' dir='ltr'>maioris</span> <span class='ocrx_word' id='word_1_313' title='bbox 319 4464 471 4528; x_wconf 87' lang='lat' dir='ltr'>momenti</span> <span class='ocrx_word' id='word_1_314' title='bbox 494 4472 570 4531; x_wconf 82' lang='lat' dir='ltr'>suut</span> <span class='ocrx_word' id='word_1_315' title='bbox 592 4472 692 4530; x_wconf 85' lang='lat' dir='ltr'>testes</span> <span class='ocrx_word' id='word_1_316' title='bbox 720 4466 830 4546; x_wconf 89' lang='lat' dir='ltr'>aliqua</span> <span class='ocrx_word' id='word_1_317' title='bbox 853 4486 893 4531; x_wconf 83' lang='lat' dir='ltr'><em>ex</em></span> <span class='ocrx_word' id='word_1_318' title='bbox 920 4473 1013 4548; x_wconf 86' lang='lat' dir='ltr'>parte</span> <span class='ocrx_word' id='word_1_319' title='bbox 1042 4466 1276 4533; x_wconf 83' lang='lat' dir='ltr'>consentientes</span> 
     </span>
    </p>
   </div>
   <div class='ocr_carea' id='block_1_5' title="bbox 212 4712 940 4785">
    <p class='ocr_par' dir='ltr' id='par_1_5' title="bbox 212 4712 940 4785">
     <span class='ocr_line' id='line_1_36' title="bbox 212 4712 940 4785; baseline 0.008 -21"><span class='ocrx_word' id='word_1_320' title='bbox 212 4713 231 4780; x_wconf 86' lang='lat'><em>¹)</em></span> <span class='ocrx_word' id='word_1_321' title='bbox 252 4712 369 4766; x_wconf 85' lang='lat' dir='ltr'>Aristot.</span> <span class='ocrx_word' id='word_1_322' title='bbox 391 4714 424 4764; x_wconf 88' lang='lat' dir='ltr'><em>de</em></span> <span class='ocrx_word' id='word_1_323' title='bbox 444 4715 523 4767; x_wconf 87' lang='lat' dir='ltr'>coelo</span> <span class='ocrx_word' id='word_1_324' title='bbox 542 4733 571 4784; x_wconf 90' lang='lat' dir='ltr'><em>p.</em></span> <span class='ocrx_word' id='word_1_325' title='bbox 590 4717 653 4768; x_wconf 73' lang='lat'><strong>291¹&gt;</strong></span> <span class='ocrx_word' id='word_1_326' title='bbox 674 4716 705 4770; x_wconf 89' lang='grc'><em>19</em></span> <span class='ocrx_word' id='word_1_327' title='bbox 724 4723 751 4769; x_wconf 90' lang='lat' dir='ltr'><em>et</em></span> <span class='ocrx_word' id='word_1_328' title='bbox 768 4734 797 4785; x_wconf 90' lang='lat' dir='ltr'><em>p.</em></span> <span class='ocrx_word' id='word_1_329' title='bbox 816 4717 878 4769; x_wconf 66' lang='lat' dir='ltr'>aaut</span> <span class='ocrx_word' id='word_1_330' title='bbox 897 4717 940 4771; x_wconf 81' lang='lat'><em>27.</em></span> 
     </span>
    </p>
   </div>
   <div class='ocr_carea' id='block_1_6' title="bbox 0 0 1478 5160">
    <p class='ocr_par' dir='ltr' id='par_1_6' title="bbox 0 0 1478 5160">
     <span class='ocr_line' id='line_1_37' title="bbox 0 0 1478 5160; baseline 0 0"><span class='ocrx_word' id='word_1_331' title='bbox 0 0 1478 5160; x_wconf 95' lang='lat' dir='ltr'><em> </em></span> 
     </span>
    </p>
   </div>
  </div>
 </body>
</html>
