2948 5160
77 25 1067 215 m

312 53 316 69 ιΙ
874 44 878 51 ¹
1017 48 1020 53 ι

895 245 898 253 .

620 518 899 622 -ro--¹

146 753 347 818 admonuisse
368 753 435 818 Oui
463 753 665 834 potissimum
693 759 769 818 tunc
798 753 952 834 temporis
983 753 1153 841 lentiscum
1181 753 1317 818 omnium

144 865 370 931 aestimatione
393 865 523 945 dignam
546 864 655 930 fuisse.

252 970 401 1043 Certiora
419 976 591 1040 Eudoxeae
607 976 742 1058 originis
757 975 876 1040 indicia
891 975 1024 1041 vocibus
1040 975 1163 1041 duabus
1178 974 1319 1040 insolitis

80 1136 84 1141 -
145 1089 369 1153 nanciscimur.
432 1086 525 1169 Quod
564 1087 646 1151 enim
682 1088 825 1168 Excerpt
860 1095 879 1171 ξ
915 1090 944 1152 2.
986 1093 1076 1151 ortus
1115 1087 1319 1167 vespertinus

146 1203 326 1289 ‹luporuqog
362 1199 547 1279 ‘appellatur
583 1205 618 1263 ht
654 1201 695 1263 ab
728 1199 871 1264 Hesiodo
907 1199 1154 1288 οἷκροκνίφαιος,
1183 1199 1318 1263 Eudoxo

146 1311 307 1392 peculiare
331 1311 412 1374 illud
435 1309 628 1375 adiectivum
652 1309 752 1376 fuisse
768 1330 807 1375 ex
827 1317 1057 1392 parapegmate
1072 1309 1319 1391 Pseudogemini

146 1431 290 1503 apparet,
315 1423 369 1487 ubi
390 1418 572 1487 unde'vicies
589 1423 674 1502 apud
689 1423 869 1502 Eudoxum,
894 1422 991 1487 semel
1018 1422 1103 1501 apud
1127 1420 1318 1485 Dositheum

147 1554 185 1598 ne
209 1535 307 1598 semel
330 1534 455 1613 quidem
478 1534 563 1613 apud
586 1540 710 1598 ceteros
726 1532 899 1599 invenitur.
939 1532 1020 1598 Oum
1035 1538 1205 1613 praeterea
1220 1533 1320 1597 Theo-

147 1646 272 1725 phrasti
306 1645 503 1726 temporibus
542 1646 640 1710 semel
678 1650 809 1710 occurat
846 1664 910 1710 vox
948 1645 1139 1736 α’κρόνυχος,
1178 1643 1319 1710 Aristot.
1356 1704 1360 1711 .

148 1756 317 1822 Meteorol.
331 1758 368 1821 ΙΙ
383 1764 401 1821 t
415 1777 444 1837 p.
456 1760 534 1821 {ibib
551 1759 603 1836 26,
613 1758 712 1840 (unde
723 1757 818 1821 fiuxit
829 1757 862 1820 in
875 1757 1063 1837 problemat.
1078 1756 1097 1819 l.
1112 1756 1241 1823 XXVI
1258 1757 1319 1840 18),

81 1855 84 1859 ’
109 1911 116 1928 .
147 1870 201 1932 ubi
224 1869 346 1933 nonde
367 1876 440 1934 ortu
462 1869 589 1948 dieitur,
616 1868 743 1933 Eudoxi
765 1867 938 1949 vestigium
963 1867 1210 1948 deprehendisse
1229 1867 1321 1932 nobis

146 1980 300 2045 videmur.
329 1980 455 2045 Deinde
471 1982 662 2046 vocabulum
678 1993 749 2068 pag
766 1978 932 2059 quinquies
948 1978 982 2043 in
993 1978 1166 2059 Excerptis
1181 1978 1320 2059 positum

148 2091 314 2156 offensioni
342 2092 569 2172 quodammodo
598 2099 656 2156 est.
704 2092 816 2171 Atque
844 2089 942 2155 semel
970 2090 1095 2170 quidem
1119 2091 1201 2155 idem
1225 2089 1321 2173 signi-

146 2202 243 2267 ficare
258 2202 386 2268 videtur
409 2204 493 2284 quod
514 2207 582 2294 μήν
605 2209 637 2285 (ξ
654 2204 694 2267 27
712 2205 841 2291 βόρειος
863 2203 983 2289 opero)
1008 2201 1029 2265 i.
1054 2221 1079 2265 e.
1105 2201 1222 2266 mensis
1246 2209 1321 2266 tem-

146 2334 215 2395 pus,
241 2315 296 2378 scd
319 2321 434 2394 quater
456 2315 495 2380 de
517 2316 595 2379 luna
619 2314 741 2379 falcata
763 2314 882 2378 dicitur
904 2320 936 2397 (ξ
956 2304 1005 2391 ri,
1027 2315 1076 2392 13,
1099 2315 1151 2393 27,
1176 2315 1241 2397 ol),
1266 2313 1321 2378 ubi

146 2427 196 2492 vis
225 2426 377 2506 primaria
405 2428 530 2491 elucere
558 2424 695 2504 videtur,
725 2445 807 2506 quae
835 2429 933 2491 etiam
961 2425 1045 2490 inest
1072 2425 1105 2489 in
1137 2428 1320 2515 μηνοειδής.

150 2536 240 2621 Quae
264 2539 386 2604 ionicae
409 2537 540 2603 dialecti
563 2537 667 2602 forma
690 2556 761 2602 cum
789 2538 873 2617 apud
897 2538 1065 2603 Eudoxum
1094 2536 1248 2601 facillime
1270 2556 1322 2601 ex-

148 2659 286 2729 cusetur,
311 2658 398 2716 certo
422 2649 605 2716 testimonio
630 2668 699 2714 cum
717 2668 753 2713 eo
770 2649 975 2731 coniungitur
994 2649 1028 2712 in
1043 2648 1172 2713 Eudoxi
1187 2667 1320 2730 papyro,

148 2763 202 2827 ubi
234 2763 369 2845 legimus
397 2783 427 2828 v.
453 2765 518 2827 290
547 2763 565 2830 ὅ
592 2775 663 2848 μεὶς
687 2763 705 2829 ὁ
729 2766 815 2829 κατά
842 2765 988 2851 σελήνην.
1038 2760 1100 2827 Sed
1127 2767 1164 2826 ut
1191 2760 1319 2841 planius

147 2875 369 2954 perspiciatur,
395 2874 549 2954 quomodo
574 2872 712 2955 singulis
732 2873 899 2938 vocabulis
914 2878 1185 2956 argumentemur,
1209 2871 1320 2937 diiudi-

148 2986 282 3050 candum
305 2992 364 3064 est,
389 3005 471 3066 quae
491 2985 618 3052 auctori
634 3004 792 3067 anonymo
813 2985 970 3067 deperditi
985 2998 1062 3077 περὶ
1079 2998 1220 3075 σημείων
1234 2982 1319 3061 libri,

148 3117 228 3176 quae
251 3098 461 3178 scriptoribus
485 3096 605 3162 abillo
628 3096 771 3177 adscitis
796 3116 878 3178 quae
900 3097 1035 3177 denique
1063 3095 1243 3176 excerptori
1265 3094 1322 3159 tri-

147 3211 291 3274 buamus.
342 3211 453 3291 Atque
485 3215 704 3290 excerptorem
738 3192 862 3289 quidem
891 3228 990 3289 supra
1017 3209 1240 3288 comprobasse
1271 3226 1321 3272 me

145 3327 224 3400 puto
248 3329 341 3386 tanta
364 3322 571 3403 neglegentia
595 3329 628 3386 et
652 3321 846 3402 epitomandi
870 3321 1037 3387 celeritate
1057 3320 1151 3402 signa
1166 3319 1321 3400 perscrip-

148 3433 228 3497 sisse
252 3434 480 3498 dilacerantem
505 3434 676 3498 secundum
692 3433 848 3512 ellectum,
874 3439 910 3498 ut
926 3451 1141 3513 quaecumque
1162 3432 1321 3497 vocabula

148 3545 280 3609 insolita
315 3544 346 3608 in
382 3545 542 3624 excerptis
570 3551 690 3625 extent,
726 3546 917 3626 praesertim
952 3544 980 3609 si
1011 3544 1179 3621 iterentur,
1215 3543 1322 3607 omnia

148 3663 292 3721 statuere
325 3656 422 3721 liceat
454 3656 554 3721 fuisse
583 3657 615 3720 iu
643 3656 769 3739 integro
798 3657 891 3721 libro,
940 3655 1032 3739 Quod
1056 3674 1150 3735 porro
1175 3655 1321 3720 evincere

148 3769 327 3833 studuimus
360 3769 435 3833 libri
467 3769 506 3832 de
538 3768 640 3850 signis
672 3775 835 3833 auctorem
858 3768 1102 3849 Peripateticae
1135 3773 1242 3832 sectae
1269 3766 1321 3830 ad-

148 3881 301 3960 scriptum
326 3900 387 3945 nou
411 3881 514 3945 solum
530 3880 666 3946 aliorum
685 3879 892 3962 prognostica
911 3879 943 3944 in
964 3898 1056 3944 usum
1077 3898 1168 3944 suum
1184 3879 1321 3945 vertisse

148 3993 201 4056 scd
235 4012 294 4056 sua
321 3994 471 4058 hliuerra
503 3992 597 4074 signa
620 3992 823 4057 Athenarum
855 3992 986 4072 propria
1018 3990 1178 4056 addidisse
1205 3990 1322 4056 Attica

148 4104 408 4184 Theophrasteae
424 4104 543 4170 aetatis
558 4104 715 4170 dialectus
730 4123 873 4168 normam
888 4105 1031 4183 praebet,
1055 4122 1119 4183 qua
1138 4102 1188 4167 usi
1204 4103 1319 4181 aliena,

147 4217 199 4282 vel
223 4218 330 4297 potius
353 4218 508 4282 Eudoxea
531 4216 758 4281 discernamus.
797 4216 911 4296 Neque
934 4216 1017 4280 enim
1040 4214 1074 4279 iu
1097 4214 1320 4295 Theophrasto

148 4329 226 4393 haec
239 4336 316 4393 uota
327 4329 426 4403 valet,
444 4349 514 4394 eum
524 4330 577 4394 vel
589 4327 787 4408 excerptoris
800 4347 839 4392 ex
855 4326 993 4393 dictione
1005 4328 1140 4406 eluceat,
1158 4333 1320 4393 auctorem

148 4461 339 4522 arronymum
373 4441 512 4506 fortasse
544 4438 759 4521 Theophrasti
791 4439 892 4520 ipsius
924 4440 1013 4504 iussu
1045 4439 1212 4504 consilinm
1245 4438 1322 4503 libri

148 4567 221 4641 rapi
248 4568 388 4642 apator
415 4552 575 4616 scribendi
601 4552 710 4630 inisse,
738 4551 786 4615 ita
812 4557 850 4616 ut
876 4551 1061 4632 plerumque
1088 4550 1191 4631 ipsum
1221 4551 1321 4616 Theo-

148 4666 315 4745 phrastum
339 4663 450 4728 audire
464 4663 638 4729 videamur.
675 4664 762 4729 Hinc
784 4673 846 4752 μὲν
862 4660 922 4734 οὖν
944 4663 1124 4744 particulae
1142 4668 1208 4728 tam
1225 4680 1321 4745 saepe
1394 4722 1398 4729 .
