2948 5160
626 567 848 631 ...55-

147 765 286 832 bestibus
309 763 473 831 veteribus
496 762 607 829 ascitis
630 764 723 830 docet
745 763 779 829 in
802 762 994 829 Aristotelis
1017 763 1225 845 problematis
1249 776 1320 834 κατ’

148 882 232 958 εἶδος
261 882 450 967 συναγωγῆς
482 874 647 956 dispositis
680 876 719 940 de
751 875 889 958 singulis
922 877 1162 956 quaestionibus
1193 876 1322 941 uberius

146 989 253 1054 instar
275 987 379 1053 libelli
401 1000 477 1077 περὶ
500 991 721 1074 μελαγχολίας
744 987 943 1068 disputatum
967 1007 1046 1053 esse.
1083 987 1191 1053 Huius
1214 994 1322 1052 autem

147 1101 381 1182 problematum
398 1098 545 1181 syllegae
561 1099 652 1178 quasi
668 1100 810 1164 membra
829 1098 964 1164 disiecta
980 1099 1203 1179 Hermippum.
1225 1099 1323 1165 ealli-

147 1212 253 1277 machi
268 1209 468 1290 discipulum
486 1210 524 1274 de
537 1209 718 1275 Aristotele
730 1209 924 1291 scripturum
936 1209 1064 1276 libellos
1080 1229 1134 1275 eos
1149 1210 1321 1291 invenisse,

148 1343 228 1405 quos
239 1323 404 1405 Diogenes
416 1321 569 1387 Laertius
582 1329 748 1387 enumerat
763 1323 914 1386 roa-125.
938 1323 1031 1387 Inter
1042 1342 1123 1403 quae
1135 1324 1234 1388 habes
1249 1325 1321 1389 110.

149 1445 284 1532 inceptae?
301 1449 334 1524 β,
359 1454 438 1528 περί
449 1423 644 1526 μονάδος-α,
663 1458 780 1529 σημεῖα
796 1441 968 1527 χειμώνων
985 1471 1018 1520 oc,
1036 1440 1272 1529 α’σσρσισμιιιόν
1289 1471 1321 1525 α,

149 1554 291 1621 σ’νιιικόν
317 1543 361 1620 af*
397 1550 449 1615 De
476 1549 586 1614 libello
615 1555 722 1615 autem
745 1550 824 1630 ipso,
853 1568 946 1630 quem
973 1549 1067 1616 hodie
1090 1565 1164 1641 ωιρῑ
1181 1567 1323 1640 σημείων

146 1665 301 1729 habemus
324 1662 406 1727 nihil
428 1661 660 1742 pronuntiavit,
689 1661 736 1727 ita
764 1668 800 1728 ut
827 1662 860 1726 in
884 1662 978 1727 dubio
1008 1661 1184 1742 reliquerit,
1214 1668 1321 1728 utrum

147 1774 361 1856 Hermippum
385 1779 529 1838 censeret
551 1779 698 1838 nostrum
713 1773 869 1853 libellum,
894 1775 949 1854 qni
963 1773 1057 1839 hodie
1073 1778 1173 1853 extat,
1198 1793 1239 1838 an
1256 1775 1322 1840 alia

147 1906 233 1952 nnnc
254 1885 422 1967 deperdita
445 1884 567 1965 scripta
582 1890 658 1950 ante
674 1887 783 1950 oculos
798 1885 949 1951 hahuisse
972 1904 1088 1976 σημεῖα
1109 1873 1322 1973 χειμωνωνω

150 1998 327 2064 Aristoteli
349 1996 597 2077 adscribentem
622 1997 736 2077 Neque
759 1998 858 2063 multo
883 1998 955 2078 plus
978 1998 1017 2062 de
1037 1998 1096 2062 hoo
1112 1998 1221 2063 libello
1238 2017 1323 2064 asse-

151 2108 281 2176 veravit
300 2109 409 2190 paucis
432 2109 525 2173 annis
540 2114 614 2189 post
629 2109 663 2174 in
678 2129 736 2175 sua
753 2109 893 2175 Aristot.
910 2109 1163 2192 fragmentorum
1183 2109 1323 2175 editione

156 2220 266 2304 (Paris
300 2222 400 2305 1869),
440 2220 495 2286 ubi
533 2220 670 2303 legimus
701 2241 732 2302 p.
771 2222 842 2285 157.
900 2220 1023 2300 „Libra
1063 2221 1153 2287 cuius
1190 2221 1321 2287 titulum

158 2342 279 2422 Σημεῖα
300 2335 471 2422 χειμώνων
490 2323 527 2404 a.
552 2334 647 2399 affert
670 2333 835 2417 Diogenes
858 2333 1012 2399 Laertius
1029 2335 1128 2418 (112),
1155 2344 1322 2424 Σημασίαι

153 2447 319 2533 χειμώνων
346 2449 380 2514 ω’
405 2446 595 2528 Anouymus
628 2447 705 2530 (90),
738 2452 923 2526 excerptum
952 2447 1096 2534 Ἀνέμων
1124 2456 1236 2526 θέσεις
1264 2459 1321 2515 καὶ

151 2572 361 2648 προσηγορίαι
384 2562 420 2626 ἐκ
449 2565 515 2628 τῶν
540 2561 774 2649 Ἀριστοτέλους
802 2571 877 2650 περὶ
901 2567 1051 2646 Σημείων
1073 2555 1261 2637 inscriptum
1289 2556 1323 2622 in

148 2666 341 2734 editionibus
369 2669 560 2735 Aristotelis
592 2668 722 2752 legitur.
775 2667 877 2752 Quem
909 2667 1025 2734 librum
1057 2669 1190 2733 eundem
1223 2667 1322 2733 fuisse

146 2784 245 2861 atque
275 2780 377 2860 illum,
411 2781 466 2863 qui
497 2781 531 2847 in
554 2780 867 2861 Theophrasteorum
895 2779 1087 2861 scriptorum
1114 2779 1218 2845 indice
1245 2779 1323 2845 Dio·

146 2890 285 2974 geniano
310 2899 352 2975 (p.
371 2895 400 2957 7.
419 2896 448 2958 7.
473 2893 612 2978 Usener)
636 2907 711 2984 περὶ
732 2904 881 2984 Σημειων
897 2897 930 2962 α’
954 2891 1124 2973 reperitur,
1149 2890 1230 2957 satis
1253 2911 1323 2972 pro·

147 3002 301 3068 babiliter
324 3004 481 3086 suspicari
504 3005 612 3071 licet.“

254 3116 362 3181 Multo
395 3117 468 3197 plus
500 3117 648 3182 iuvamur
675 3115 836 3182 Prantelii
863 3114 1106 3181 accuratissima
1133 3116 1172 3179 de
1199 3115 1322 3196 proble-

147 3227 244 3294 matis
268 3227 577 3313 commentationes
602 3248 664 3309 qua
688 3228 838 3309 probavit
854 3227 1046 3293 Aristotelis
1069 3221 1151 3306 quae
1174 3225 1322 3292 feruntur

56 3402 59 3409 .
147 3340 350 3420 problemata
365 3360 405 3405 ex
422 3340 638 3421 Theophrasti
662 3359 743 3421 quae
766 3345 885 3405 vocant
907 3339 1037 3420 scriptis
1052 3337 1228 3403 munoribus
1252 3358 1322 3404 con·

146 3450 228 3516 flata
250 3470 328 3517 esse.
377 3452 440 3518 Sed
463 3458 499 3518 ut
526 3451 736 3533 intellegatur
758 3450 895 3517 diversis
918 3450 1019 3515 modis
1042 3434 1101 3514 illa
1124 3449 1245 3531 scripta
1269 3451 1322 3515 ad-

147 3561 253 3628 hibita
283 3582 362 3642 esse,
401 3563 581 3629 adscribam
614 3569 691 3644 quot
722 3563 923 3644 problemata
955 3581 995 3627 ex
1028 3560 1164 3644 singulis
1192 3561 1320 3627 illorum

148 3673 340 3754 scriptorum
356 3674 512 3741 minorum
527 3674 659 3741 fluxisse
675 3674 858 3758 coarguerit
873 3672 1069 3740 Prantelius.
1105 3674 1161 3738 Ad
1176 3673 1321 3738 libellum

148 3799 224 3878 περὶ
239 3791 342 3876 πυρός
359 3789 400 3852 76
416 3787 638 3871 paragraphos
662 3787 878 3852 continentem
896 3788 936 3850 15
953 3786 1152 3866 problemata
1175 3786 1319 3866 redeunt,

148 3896 190 3961 ad
214 3897 234 3961 1.
260 3911 335 3988 περὶ
359 3900 472 3987 ὅσμων
497 3901 537 3963 71
566 3899 842 3979 paragraphorum
869 3898 900 3976 4,
929 3899 971 3963 ad
998 3897 1060 3980 frg.
1089 3911 1163 3987 περὶ
1185 3888 1323 3985 ἀ’νέμων

151 4009 194 4073 62
217 4028 348 4092 paragr.
373 4011 539 4076 continens
563 4012 615 4090 29,
644 4010 685 4075 ad
712 4009 856 4074 libellum
884 4009 923 4073 de
951 4008 1052 4092 signis
1076 4010 1106 4086 3,
1135 4008 1176 4073 ad
1198 4009 1220 4072 1.
1245 4021 1320 4099 περὶ

146 4123 262 4192 κόπων
286 4127 426 4205 (paragr.
447 4124 500 4207 18)
527 4124 567 4187 10
591 4122 791 4202 problemata
813 4120 1007 4186 referuntur
1047 4118 1172 4203 Quibus
1192 4119 1320 4184 collatis

147 4251 219 4297 cum
241 4251 299 4313 per
322 4252 356 4298 se
379 4233 493 4299 mirum
510 4253 580 4299 esse
595 4233 745 4300 videatur
768 4232 877 4298 libello
902 4232 940 4296 de
956 4229 1058 4313 signis
1081 4236 1318 4311 tempestatum,

147 4344 307 4411 uberrimo
330 4364 437 4410 rerum
460 4345 665 4424 mirabilium,
693 4364 756 4410 non
784 4345 857 4425 plus
880 4343 945 4409 tria
968 4343 1169 4423 problemata
1192 4362 1319 4423 respon-

251 4543 271 4605 1)
290 4541 343 4594 Die
363 4544 525 4595 verlorenen
546 4542 685 4595 Schriften
704 4542 753 4594 des
772 4540 938 4594 Aristotcles
958 4539 1033 4591 1865.

250 4630 275 4694 ²)
292 4615 368 4680 Uber
387 4629 431 4680 die
444 4628 591 4682 Probleme
611 4629 659 4681 des
673 4628 849 4681 Aristoteles.
878 4625 952 4679 Abh.
968 4626 994 4678 d.
1009 4625 1118 4678 Mliuch.
1134 4625 1224 4676 Aknd.
1241 4623 1316 4677 1851.

145 4713 184 4765 VI
202 4730 230 4782 p.
250 4715 300 4766 375
318 4731 356 4767 ss.
