<?xml version="1.0" encoding="UTF-8"?>
<!DOCTYPE html PUBLIC "-//W3C//DTD XHTML 1.0 Transitional//EN"
    "http://www.w3.org/TR/xhtml1/DTD/xhtml1-transitional.dtd">
<html xmlns="http://www.w3.org/1999/xhtml" xml:lang="en" lang="en">
 <head>
  <title>
</title>
<meta http-equiv="Content-Type" content="text/html;charset=utf-8" />
  <meta name='ocr-system' content='tesseract 3.04.00' />
  <meta name='ocr-capabilities' content='ocr_page ocr_carea ocr_par ocr_line ocrx_word'/>
</head>
<body>
  <div class='ocr_page' id='page_1' title='image "./detheophrasteis00boehgoog_0030.png"; bbox 0 0 2948 5160; ppageno 0'>
   <div class='ocr_carea' id='block_1_1' title="bbox 665 263 888 328">
    <p class='ocr_par' dir='ltr' id='par_1_1' title="bbox 665 263 888 328">
     <span class='ocr_line' id='line_1_1' title="bbox 665 263 888 328; baseline 0.004 -15"><span class='ocrx_word' id='word_1_1' title='bbox 665 263 888 328; x_wconf 63' lang='lat'>..22-</span> 
     </span>
    </p>
   </div>
   <div class='ocr_carea' id='block_1_2' title="bbox 189 456 1365 4007">
    <p class='ocr_par' dir='ltr' id='par_1_2' title="bbox 189 456 1365 4007">
     <span class='ocr_line' id='line_1_2' title="bbox 189 456 1361 540; baseline 0.001 -18"><span class='ocrx_word' id='word_1_2' title='bbox 189 462 359 538; x_wconf 88' lang='lat' dir='ltr'>praeterea</span> <span class='ocrx_word' id='word_1_3' title='bbox 379 457 415 524; x_wconf 90' lang='lat' dir='ltr'>in</span> <span class='ocrx_word' id='word_1_4' title='bbox 437 456 530 524; x_wconf 91' lang='lat' dir='ltr'>initio</span> <span class='ocrx_word' id='word_1_5' title='bbox 553 457 694 540; x_wconf 88' lang='lat' dir='ltr'>capitum</span> <span class='ocrx_word' id='word_1_6' title='bbox 717 459 856 540; x_wconf 89' lang='lat' dir='ltr'>parcius,</span> <span class='ocrx_word' id='word_1_7' title='bbox 879 459 913 525; x_wconf 94' lang='lat' dir='ltr'>in</span> <span class='ocrx_word' id='word_1_8' title='bbox 928 458 992 526; x_wconf 90' lang='lat' dir='ltr'>fine</span> <span class='ocrx_word' id='word_1_9' title='bbox 1006 458 1136 526; x_wconf 78' lang='lat' dir='ltr'>ubemus</span> <span class='ocrx_word' id='word_1_10' title='bbox 1152 478 1209 526; x_wconf 90' lang='lat' dir='ltr'>sno</span> <span class='ocrx_word' id='word_1_11' title='bbox 1225 457 1361 525; x_wconf 88' lang='lat' dir='ltr'>arbitrio</span> 
     </span>
     <span class='ocr_line' id='line_1_3' title="bbox 191 567 1359 654; baseline 0.002 -21"><span class='ocrx_word' id='word_1_12' title='bbox 191 567 285 650; x_wconf 81' lang='lat' dir='ltr'>signa</span> <span class='ocrx_word' id='word_1_13' title='bbox 312 568 457 650; x_wconf 90' lang='lat' dir='ltr'>addente,</span> <span class='ocrx_word' id='word_1_14' title='bbox 469 575 493 654; x_wconf 83' lang='lat'>¹)</span> <span class='ocrx_word' id='word_1_15' title='bbox 519 569 553 636; x_wconf 93' lang='lat' dir='ltr'>in</span> <span class='ocrx_word' id='word_1_16' title='bbox 580 575 716 651; x_wconf 89' lang='lat' dir='ltr'>utroque</span> <span class='ocrx_word' id='word_1_17' title='bbox 742 569 825 637; x_wconf 90' lang='lat' dir='ltr'>libro</span> <span class='ocrx_word' id='word_1_18' title='bbox 849 570 1028 653; x_wconf 90' lang='lat' dir='ltr'>promiscue</span> <span class='ocrx_word' id='word_1_19' title='bbox 1051 571 1145 654; x_wconf 83' lang='lat' dir='ltr'>signa</span> <span class='ocrx_word' id='word_1_20' title='bbox 1167 568 1359 652; x_wconf 81' lang='lat' dir='ltr'>pluviarum,</span> 
     </span>
     <span class='ocr_line' id='line_1_4' title="bbox 189 679 1362 762; baseline -0.001 -16"><span class='ocrx_word' id='word_1_21' title='bbox 189 684 367 760; x_wconf 84' lang='lat' dir='ltr'>ventorum,</span> <span class='ocrx_word' id='word_1_22' title='bbox 397 685 634 762; x_wconf 77' lang='lat' dir='ltr'>tempestatum,</span> <span class='ocrx_word' id='word_1_23' title='bbox 668 681 854 747; x_wconf 81' lang='lat' dir='ltr'>serenitatis</span> <span class='ocrx_word' id='word_1_24' title='bbox 886 683 1058 748; x_wconf 90' lang='lat' dir='ltr'>secundum</span> <span class='ocrx_word' id='word_1_25' title='bbox 1085 701 1191 747; x_wconf 92' lang='lat' dir='ltr'>rerum</span> <span class='ocrx_word' id='word_1_26' title='bbox 1219 679 1362 746; x_wconf 90' lang='lat' dir='ltr'>ordinem</span> 
     </span>
     <span class='ocr_line' id='line_1_5' title="bbox 189 791 1362 875; baseline 0.001 -19"><span class='ocrx_word' id='word_1_27' title='bbox 189 798 376 858; x_wconf 88' lang='lat' dir='ltr'>enumerata</span> <span class='ocrx_word' id='word_1_28' title='bbox 398 793 499 858; x_wconf 78' lang='lat' dir='ltr'>fixisse</span> <span class='ocrx_word' id='word_1_29' title='bbox 521 791 553 857; x_wconf 95' lang='lat' dir='ltr'>in</span> <span class='ocrx_word' id='word_1_30' title='bbox 577 793 681 858; x_wconf 89' lang='lat' dir='ltr'>altero</span> <span class='ocrx_word' id='word_1_31' title='bbox 704 792 869 875; x_wconf 87' lang='lat' dir='ltr'>adscripta</span> <span class='ocrx_word' id='word_1_32' title='bbox 891 792 1098 860; x_wconf 77' lang='lat' dir='ltr'>continuatae</span> <span class='ocrx_word' id='word_1_33' title='bbox 1124 793 1164 858; x_wconf 91' lang='lat' dir='ltr'>de</span> <span class='ocrx_word' id='word_1_34' title='bbox 1186 791 1306 874; x_wconf 88' lang='lat' dir='ltr'>pluviis</span> <span class='ocrx_word' id='word_1_35' title='bbox 1329 796 1362 857; x_wconf 93' lang='lat' dir='ltr'>et</span> 
     </span>
     <span class='ocr_line' id='line_1_6' title="bbox 190 901 1362 984; baseline -0.001 -16"><span class='ocrx_word' id='word_1_36' title='bbox 190 901 296 968; x_wconf 90' lang='lat' dir='ltr'>ventis</span> <span class='ocrx_word' id='word_1_37' title='bbox 323 902 545 984; x_wconf 86' lang='lat' dir='ltr'>disputationi,</span> <span class='ocrx_word' id='word_1_38' title='bbox 573 903 607 970; x_wconf 92' lang='lat' dir='ltr'>iu</span> <span class='ocrx_word' id='word_1_39' title='bbox 634 904 738 969; x_wconf 92' lang='lat' dir='ltr'>altero</span> <span class='ocrx_word' id='word_1_40' title='bbox 765 903 841 969; x_wconf 92' lang='lat' dir='ltr'>huic</span> <span class='ocrx_word' id='word_1_41' title='bbox 867 903 929 969; x_wconf 93' lang='lat' dir='ltr'>soli</span> <span class='ocrx_word' id='word_1_42' title='bbox 956 903 1089 971; x_wconf 89' lang='lat' dir='ltr'>oonsilio</span> <span class='ocrx_word' id='word_1_43' title='bbox 1117 902 1306 970; x_wconf 81' lang='lat' dir='ltr'>inservienti</span> <span class='ocrx_word' id='word_1_44' title='bbox 1328 901 1362 968; x_wconf 91' lang='lat' dir='ltr'>in</span> 
     </span>
     <span class='ocr_line' id='line_1_7' title="bbox 190 1015 1364 1097; baseline 0.001 -19"><span class='ocrx_word' id='word_1_45' title='bbox 190 1031 285 1079; x_wconf 92' lang='lat' dir='ltr'>unum</span> <span class='ocrx_word' id='word_1_46' title='bbox 315 1033 430 1096; x_wconf 91' lang='lat' dir='ltr'>corpus</span> <span class='ocrx_word' id='word_1_47' title='bbox 463 1021 576 1081; x_wconf 91' lang='lat' dir='ltr'>coacta</span> <span class='ocrx_word' id='word_1_48' title='bbox 606 1015 648 1081; x_wconf 89' lang='lat' dir='ltr'>ad</span> <span class='ocrx_word' id='word_1_49' title='bbox 680 1034 773 1081; x_wconf 92' lang='lat' dir='ltr'>usum</span> <span class='ocrx_word' id='word_1_50' title='bbox 804 1034 914 1081; x_wconf 91' lang='lat' dir='ltr'>eorum</span> <span class='ocrx_word' id='word_1_51' title='bbox 946 1016 1001 1097; x_wconf 90' lang='lat' dir='ltr'>qui</span> <span class='ocrx_word' id='word_1_52' title='bbox 1032 1019 1242 1097; x_wconf 85' lang='lat' dir='ltr'>tempestates</span> <span class='ocrx_word' id='word_1_53' title='bbox 1273 1033 1364 1096; x_wconf 90' lang='lat' dir='ltr'>prae·</span> 
     </span>
     <span class='ocr_line' id='line_1_8' title="bbox 190 1124 1363 1207; baseline 0.001 -18"><span class='ocrx_word' id='word_1_54' title='bbox 190 1131 367 1191; x_wconf 79' lang='lat' dir='ltr'>noscerent.</span> <span class='ocrx_word' id='word_1_55' title='bbox 406 1126 492 1193; x_wconf 90' lang='lat' dir='ltr'>Nam</span> <span class='ocrx_word' id='word_1_56' title='bbox 515 1146 586 1192; x_wconf 91' lang='lat' dir='ltr'>cum</span> <span class='ocrx_word' id='word_1_57' title='bbox 608 1126 783 1192; x_wconf 88' lang='lat' dir='ltr'>verisimile</span> <span class='ocrx_word' id='word_1_58' title='bbox 805 1126 849 1193; x_wconf 90' lang='lat' dir='ltr'>sit</span> <span class='ocrx_word' id='word_1_59' title='bbox 872 1127 989 1193; x_wconf 91' lang='lat' dir='ltr'>librum</span> <span class='ocrx_word' id='word_1_60' title='bbox 1011 1127 1101 1191; x_wconf 91' lang='lat' dir='ltr'>illum</span> <span class='ocrx_word' id='word_1_61' title='bbox 1125 1127 1164 1192; x_wconf 91' lang='lat' dir='ltr'>de</span> <span class='ocrx_word' id='word_1_62' title='bbox 1186 1124 1306 1207; x_wconf 89' lang='lat' dir='ltr'>pluviis</span> <span class='ocrx_word' id='word_1_63' title='bbox 1329 1129 1363 1190; x_wconf 88' lang='lat' dir='ltr'>et</span> 
     </span>
     <span class='ocr_line' id='line_1_9' title="bbox 190 1235 1362 1320; baseline 0 -20"><span class='ocrx_word' id='word_1_64' title='bbox 190 1235 297 1303; x_wconf 90' lang='lat' dir='ltr'>ventis</span> <span class='ocrx_word' id='word_1_65' title='bbox 321 1237 535 1318; x_wconf 90' lang='lat' dir='ltr'>conscriptum</span> <span class='ocrx_word' id='word_1_66' title='bbox 558 1237 763 1320; x_wconf 86' lang='lat' dir='ltr'>physicorum</span> <span class='ocrx_word' id='word_1_67' title='bbox 786 1237 966 1304; x_wconf 88' lang='lat' dir='ltr'>rationibus</span> <span class='ocrx_word' id='word_1_68' title='bbox 989 1237 1116 1320; x_wconf 88' lang='lat' dir='ltr'>copiose</span> <span class='ocrx_word' id='word_1_69' title='bbox 1143 1235 1298 1318; x_wconf 90' lang='lat' dir='ltr'>expositis</span> <span class='ocrx_word' id='word_1_70' title='bbox 1321 1235 1362 1301; x_wconf 91' lang='lat' dir='ltr'>ad</span> 
     </span>
     <span class='ocr_line' id='line_1_10' title="bbox 190 1346 1365 1433; baseline 0 -22"><span class='ocrx_word' id='word_1_71' title='bbox 190 1351 398 1425; x_wconf 90' lang='lat' dir='ltr'>tempestates</span> <span class='ocrx_word' id='word_1_72' title='bbox 421 1349 671 1432; x_wconf 83' lang='lat' dir='ltr'>praesagiendas</span> <span class='ocrx_word' id='word_1_73' title='bbox 694 1349 788 1433; x_wconf 86' lang='lat' dir='ltr'>sigua</span> <span class='ocrx_word' id='word_1_74' title='bbox 810 1368 875 1415; x_wconf 92' lang='lat' dir='ltr'>non</span> <span class='ocrx_word' id='word_1_75' title='bbox 897 1354 973 1430; x_wconf 92' lang='lat' dir='ltr'>apte</span> <span class='ocrx_word' id='word_1_76' title='bbox 999 1348 1158 1429; x_wconf 88' lang='lat' dir='ltr'>disposita</span> <span class='ocrx_word' id='word_1_77' title='bbox 1179 1346 1365 1412; x_wconf 83' lang='lat' dir='ltr'>exhibuisse</span> 
     </span>
     <span class='ocr_line' id='line_1_11' title="bbox 189 1458 1364 1543; baseline 0.003 -20"><span class='ocrx_word' id='word_1_78' title='bbox 189 1476 292 1539; x_wconf 90' lang='lat' dir='ltr'>neque</span> <span class='ocrx_word' id='word_1_79' title='bbox 323 1458 463 1539; x_wconf 91' lang='lat' dir='ltr'>libellus,</span> <span class='ocrx_word' id='word_1_80' title='bbox 496 1458 551 1540; x_wconf 91' lang='lat' dir='ltr'>qui</span> <span class='ocrx_word' id='word_1_81' title='bbox 582 1459 675 1525; x_wconf 92' lang='lat' dir='ltr'>hodie</span> <span class='ocrx_word' id='word_1_82' title='bbox 709 1461 768 1539; x_wconf 91' lang='lat' dir='ltr'>„de</span> <span class='ocrx_word' id='word_1_83' title='bbox 797 1461 920 1543; x_wconf 81' lang='lat' dir='ltr'>siguis‘</span> <span class='ocrx_word' id='word_1_84' title='bbox 956 1464 1057 1539; x_wconf 86' lang='lat' dir='ltr'>extat,</span> <span class='ocrx_word' id='word_1_85' title='bbox 1091 1459 1243 1528; x_wconf 87' lang='lat' dir='ltr'>adhunc</span> <span class='ocrx_word' id='word_1_86' title='bbox 1270 1479 1364 1526; x_wconf 91' lang='lat' dir='ltr'>usum</span> 
     </span>
     <span class='ocr_line' id='line_1_12' title="bbox 190 1570 1364 1659; baseline 0.003 -25"><span class='ocrx_word' id='word_1_87' title='bbox 190 1570 458 1659; x_wconf 89' lang='lat' dir='ltr'>accomonodatus</span> <span class='ocrx_word' id='word_1_88' title='bbox 474 1570 526 1649; x_wconf 89' lang='lat' dir='ltr'>sit,</span> <span class='ocrx_word' id='word_1_89' title='bbox 551 1578 733 1652; x_wconf 89' lang='lat' dir='ltr'>praecepta,</span> <span class='ocrx_word' id='word_1_90' title='bbox 757 1591 839 1653; x_wconf 90' lang='lat' dir='ltr'>qnae</span> <span class='ocrx_word' id='word_1_91' title='bbox 861 1572 894 1637; x_wconf 92' lang='lat' dir='ltr'>in</span> <span class='ocrx_word' id='word_1_92' title='bbox 910 1570 1069 1653; x_wconf 90' lang='lat' dir='ltr'>prooemio</span> <span class='ocrx_word' id='word_1_93' title='bbox 1086 1571 1125 1635; x_wconf 93' lang='lat' dir='ltr'>de</span> <span class='ocrx_word' id='word_1_94' title='bbox 1140 1572 1242 1656; x_wconf 82' lang='lat' dir='ltr'>signis</span> <span class='ocrx_word' id='word_1_95' title='bbox 1258 1575 1364 1638; x_wconf 91' lang='lat' dir='ltr'>obser-</span> 
     </span>
     <span class='ocr_line' id='line_1_13' title="bbox 192 1680 1361 1764; baseline 0.003 -19"><span class='ocrx_word' id='word_1_96' title='bbox 192 1680 307 1746; x_wconf 89' lang='lat' dir='ltr'>vandis</span> <span class='ocrx_word' id='word_1_97' title='bbox 333 1682 516 1761; x_wconf 88' lang='lat' dir='ltr'>traduntur,</span> <span class='ocrx_word' id='word_1_98' title='bbox 550 1701 612 1748; x_wconf 93' lang='lat' dir='ltr'>non</span> <span class='ocrx_word' id='word_1_99' title='bbox 644 1681 707 1748; x_wconf 90' lang='lat' dir='ltr'>nisi</span> <span class='ocrx_word' id='word_1_100' title='bbox 739 1703 780 1748; x_wconf 93' lang='lat' dir='ltr'>ex</span> <span class='ocrx_word' id='word_1_101' title='bbox 810 1684 913 1749; x_wconf 93' lang='lat' dir='ltr'>altero</span> <span class='ocrx_word' id='word_1_102' title='bbox 941 1682 1024 1748; x_wconf 94' lang='lat' dir='ltr'>libro</span> <span class='ocrx_word' id='word_1_103' title='bbox 1054 1681 1152 1748; x_wconf 91' lang='lat' dir='ltr'>fluere</span> <span class='ocrx_word' id='word_1_104' title='bbox 1179 1688 1361 1764; x_wconf 88' lang='lat' dir='ltr'>potuerunt.</span> 
     </span>
     <span class='ocr_line' id='line_1_14' title="bbox 190 1791 1362 1877; baseline 0.004 -21"><span class='ocrx_word' id='word_1_105' title='bbox 190 1791 366 1859; x_wconf 90' lang='lat' dir='ltr'>Praeterea</span> <span class='ocrx_word' id='word_1_106' title='bbox 378 1792 406 1859; x_wconf 93' lang='lat' dir='ltr'>si</span> <span class='ocrx_word' id='word_1_107' title='bbox 422 1792 548 1859; x_wconf 91' lang='lat' dir='ltr'>omnino</span> <span class='ocrx_word' id='word_1_108' title='bbox 560 1792 749 1875; x_wconf 87' lang='lat' dir='ltr'>disponendi</span> <span class='ocrx_word' id='word_1_109' title='bbox 764 1794 905 1860; x_wconf 89' lang='lat' dir='ltr'>ordinem</span> <span class='ocrx_word' id='word_1_110' title='bbox 921 1796 962 1860; x_wconf 93' lang='lat' dir='ltr'>ab</span> <span class='ocrx_word' id='word_1_111' title='bbox 978 1793 1042 1860; x_wconf 92' lang='lat' dir='ltr'>alio</span> <span class='ocrx_word' id='word_1_112' title='bbox 1054 1795 1173 1875; x_wconf 90' lang='lat' dir='ltr'>petivit</span> <span class='ocrx_word' id='word_1_113' title='bbox 1183 1801 1362 1877; x_wconf 80' lang='lat' dir='ltr'>excerptor,</span> 
     </span>
     <span class='ocr_line' id='line_1_15' title="bbox 191 1903 1364 1990; baseline 0.004 -22"><span class='ocrx_word' id='word_1_114' title='bbox 191 1903 250 1969; x_wconf 90' lang='lat' dir='ltr'>hoc</span> <span class='ocrx_word' id='word_1_115' title='bbox 282 1903 365 1969; x_wconf 90' lang='lat' dir='ltr'>libro</span> <span class='ocrx_word' id='word_1_116' title='bbox 398 1909 588 1971; x_wconf 89' lang='lat' dir='ltr'>commotum</span> <span class='ocrx_word' id='word_1_117' title='bbox 620 1905 770 1973; x_wconf 90' lang='lat' dir='ltr'>sublimia</span> <span class='ocrx_word' id='word_1_118' title='bbox 797 1915 873 1971; x_wconf 89' lang='lat' dir='ltr'>ante</span> <span class='ocrx_word' id='word_1_119' title='bbox 899 1905 1024 1971; x_wconf 90' lang='lat' dir='ltr'>marina</span> <span class='ocrx_word' id='word_1_120' title='bbox 1052 1912 1085 1971; x_wconf 92' lang='lat' dir='ltr'>et</span> <span class='ocrx_word' id='word_1_121' title='bbox 1111 1911 1242 1972; x_wconf 90' lang='lat' dir='ltr'>terrena</span> <span class='ocrx_word' id='word_1_122' title='bbox 1268 1906 1364 1990; x_wconf 89' lang='lat' dir='ltr'>signa</span> 
     </span>
     <span class='ocr_line' id='line_1_16' title="bbox 191 2016 1362 2109; baseline 0.006 -29"><span class='ocrx_word' id='word_1_123' title='bbox 191 2033 261 2080; x_wconf 91' lang='lat' dir='ltr'>eum</span> <span class='ocrx_word' id='word_1_124' title='bbox 285 2016 461 2083; x_wconf 82' lang='lat' dir='ltr'>collocasse</span> <span class='ocrx_word' id='word_1_125' title='bbox 483 2029 613 2083; x_wconf 89' lang='lat' dir='ltr'>necesse</span> <span class='ocrx_word' id='word_1_126' title='bbox 636 2023 686 2082; x_wconf 89' lang='lat' dir='ltr'>est</span> <span class='ocrx_word' id='word_1_127' title='bbox 708 2022 902 2096; x_wconf 87' lang='lat' dir='ltr'>statuamus;</span> <span class='ocrx_word' id='word_1_128' title='bbox 928 2017 980 2082; x_wconf 92' lang='lat' dir='ltr'>cui</span> <span class='ocrx_word' id='word_1_129' title='bbox 1002 2016 1095 2096; x_wconf 87' lang='lat' dir='ltr'>libro,</span> <span class='ocrx_word' id='word_1_130' title='bbox 1125 2016 1264 2083; x_wconf 82' lang='lat' dir='ltr'>fortasse</span> <span class='ocrx_word' id='word_1_131' title='bbox 1288 2033 1362 2109; x_wconf 71' lang='grc' dir='ltr'>περὶ</span> 
     </span>
     <span class='ocr_line' id='line_1_17' title="bbox 192 2127 1364 2218; baseline 0 -23"><span class='ocrx_word' id='word_1_132' title='bbox 192 2143 333 2218; x_wconf 53' lang='grc' dir='ltr'><em>σημείων</em></span> <span class='ocrx_word' id='word_1_133' title='bbox 360 2127 525 2210; x_wconf 88' lang='lat' dir='ltr'>inscripto,</span> <span class='ocrx_word' id='word_1_134' title='bbox 558 2127 734 2196; x_wconf 87' lang='lat' dir='ltr'>verisimile</span> <span class='ocrx_word' id='word_1_135' title='bbox 765 2134 816 2195; x_wconf 90' lang='lat' dir='ltr'>est</span> <span class='ocrx_word' id='word_1_136' title='bbox 847 2134 905 2194; x_wconf 91' lang='lat' dir='ltr'>aut</span> <span class='ocrx_word' id='word_1_137' title='bbox 935 2128 1145 2210; x_wconf 89' lang='lat' dir='ltr'>praemissum</span> <span class='ocrx_word' id='word_1_138' title='bbox 1173 2128 1274 2195; x_wconf 82' lang='lat' dir='ltr'>fuisse</span> <span class='ocrx_word' id='word_1_139' title='bbox 1306 2135 1364 2195; x_wconf 88' lang='lat' dir='ltr'>aut</span> 
     </span>
     <span class='ocr_line' id='line_1_18' title="bbox 191 2240 1361 2324; baseline 0.002 -21"><span class='ocrx_word' id='word_1_140' title='bbox 191 2258 350 2307; x_wconf 89' lang='lat' dir='ltr'>annexum</span> <span class='ocrx_word' id='word_1_141' title='bbox 361 2259 557 2324; x_wconf 82' lang='lat' dir='ltr'>parapegma</span> <span class='ocrx_word' id='word_1_142' title='bbox 569 2241 727 2322; x_wconf 87' lang='lat' dir='ltr'>quoddam</span> <span class='ocrx_word' id='word_1_143' title='bbox 742 2240 819 2306; x_wconf 91' lang='lat' dir='ltr'>item</span> <span class='ocrx_word' id='word_1_144' title='bbox 834 2241 876 2306; x_wconf 87' lang='lat' dir='ltr'>ad</span> <span class='ocrx_word' id='word_1_145' title='bbox 892 2259 984 2306; x_wconf 90' lang='lat' dir='ltr'>nsum</span> <span class='ocrx_word' id='word_1_146' title='bbox 997 2240 1190 2306; x_wconf 90' lang='lat' dir='ltr'>cotidianum</span> <span class='ocrx_word' id='word_1_147' title='bbox 1203 2245 1361 2320; x_wconf 90' lang='lat' dir='ltr'>paratum.</span> 
     </span>
     <span class='ocr_line' id='line_1_19' title="bbox 191 2351 1361 2434; baseline 0 -18"><span class='ocrx_word' id='word_1_148' title='bbox 191 2352 261 2416; x_wconf 90' lang='lat' dir='ltr'>Iam</span> <span class='ocrx_word' id='word_1_149' title='bbox 285 2355 422 2434; x_wconf 88' lang='lat' dir='ltr'>probare</span> <span class='ocrx_word' id='word_1_150' title='bbox 444 2351 552 2419; x_wconf 92' lang='lat' dir='ltr'>conati</span> <span class='ocrx_word' id='word_1_151' title='bbox 575 2371 685 2420; x_wconf 90' lang='lat' dir='ltr'>sumus</span> <span class='ocrx_word' id='word_1_152' title='bbox 707 2351 757 2418; x_wconf 91' lang='lat' dir='ltr'>bis</span> <span class='ocrx_word' id='word_1_153' title='bbox 789 2353 864 2418; x_wconf 90' lang='lat' dir='ltr'>illos</span> <span class='ocrx_word' id='word_1_154' title='bbox 887 2353 988 2418; x_wconf 91' lang='lat' dir='ltr'>libros</span> <span class='ocrx_word' id='word_1_155' title='bbox 1015 2355 1057 2418; x_wconf 83' lang='lat' dir='ltr'>ub</span> <span class='ocrx_word' id='word_1_156' title='bbox 1085 2357 1273 2433; x_wconf 90' lang='lat' dir='ltr'>excerptore</span> <span class='ocrx_word' id='word_1_157' title='bbox 1295 2371 1361 2433; x_wconf 89' lang='lat' dir='ltr'>per-</span> 
     </span>
     <span class='ocr_line' id='line_1_20' title="bbox 190 2461 1358 2557; baseline -0.003 -27"><span class='ocrx_word' id='word_1_158' title='bbox 190 2465 355 2531; x_wconf 90' lang='lat' dir='ltr'>volutatos</span> <span class='ocrx_word' id='word_1_159' title='bbox 378 2483 458 2530; x_wconf 91' lang='lat' dir='ltr'>esse.</span> <span class='ocrx_word' id='word_1_160' title='bbox 505 2465 600 2532; x_wconf 91' lang='lat' dir='ltr'>Unde</span> <span class='ocrx_word' id='word_1_161' title='bbox 622 2465 810 2530; x_wconf 88' lang='lat' dir='ltr'>concludere</span> <span class='ocrx_word' id='word_1_162' title='bbox 837 2464 914 2531; x_wconf 91' lang='lat' dir='ltr'>licet</span> <span class='ocrx_word' id='word_1_163' title='bbox 941 2466 982 2530; x_wconf 92' lang='lat' dir='ltr'>ab</span> <span class='ocrx_word' id='word_1_164' title='bbox 1006 2469 1194 2545; x_wconf 86' lang='lat' dir='ltr'>excerptore</span> <span class='ocrx_word' id='word_1_165' title='bbox 1217 2461 1358 2557; x_wconf 86' lang='lat' dir='ltr'>quamvis</span> 
     </span>
     <span class='ocr_line' id='line_1_21' title="bbox 193 2563 1359 2660; baseline -0.003 -19"><span class='ocrx_word' id='word_1_166' title='bbox 193 2575 257 2642; x_wconf 91' lang='lat' dir='ltr'>levi</span> <span class='ocrx_word' id='word_1_167' title='bbox 281 2583 314 2642; x_wconf 90' lang='lat' dir='ltr'>et</span> <span class='ocrx_word' id='word_1_168' title='bbox 336 2576 473 2658; x_wconf 91' lang='lat' dir='ltr'>insipido</span> <span class='ocrx_word' id='word_1_169' title='bbox 490 2597 554 2643; x_wconf 91' lang='lat' dir='ltr'>uon</span> <span class='ocrx_word' id='word_1_170' title='bbox 568 2577 671 2642; x_wconf 92' lang='lat' dir='ltr'>multa</span> <span class='ocrx_word' id='word_1_171' title='bbox 687 2576 805 2643; x_wconf 90' lang='lat' dir='ltr'>omissa</span> <span class='ocrx_word' id='word_1_172' title='bbox 828 2563 898 2642; x_wconf 87' lang='lat' dir='ltr'>esse</span> <span class='ocrx_word' id='word_1_173' title='bbox 921 2576 1015 2660; x_wconf 79' lang='lat' dir='ltr'>signa</span> <span class='ocrx_word' id='word_1_174' title='bbox 1034 2581 1131 2658; x_wconf 88' lang='lat' dir='ltr'>atque</span> <span class='ocrx_word' id='word_1_175' title='bbox 1153 2575 1187 2641; x_wconf 93' lang='lat' dir='ltr'>in</span> <span class='ocrx_word' id='word_1_176' title='bbox 1203 2572 1359 2656; x_wconf 82' lang='lat' dir='ltr'>excerptis</span> 
     </span>
     <span class='ocr_line' id='line_1_22' title="bbox 192 2687 1363 2770; baseline -0.001 -18"><span class='ocrx_word' id='word_1_177' title='bbox 192 2687 356 2770; x_wconf 80' lang='lat' dir='ltr'>signorum</span> <span class='ocrx_word' id='word_1_178' title='bbox 383 2688 562 2755; x_wconf 91' lang='lat' dir='ltr'>doctrinam</span> <span class='ocrx_word' id='word_1_179' title='bbox 588 2689 637 2755; x_wconf 88' lang='lat' dir='ltr'>ita</span> <span class='ocrx_word' id='word_1_180' title='bbox 664 2694 881 2769; x_wconf 89' lang='lat' dir='ltr'>comparatam</span> <span class='ocrx_word' id='word_1_181' title='bbox 908 2695 941 2754; x_wconf 92' lang='lat' dir='ltr'>et</span> <span class='ocrx_word' id='word_1_182' title='bbox 967 2689 1149 2754; x_wconf 89' lang='lat' dir='ltr'>absolutam</span> <span class='ocrx_word' id='word_1_183' title='bbox 1176 2693 1298 2767; x_wconf 86' lang='lat' dir='ltr'>extare,</span> <span class='ocrx_word' id='word_1_184' title='bbox 1326 2690 1363 2751; x_wconf 89' lang='lat' dir='ltr'>ut</span> 
     </span>
     <span class='ocr_line' id='line_1_23' title="bbox 192 2798 1364 2881; baseline 0 -18"><span class='ocrx_word' id='word_1_185' title='bbox 192 2818 231 2864; x_wconf 88' lang='lat' dir='ltr'>ex</span> <span class='ocrx_word' id='word_1_186' title='bbox 263 2799 353 2866; x_wconf 91' lang='lat' dir='ltr'>illius</span> <span class='ocrx_word' id='word_1_187' title='bbox 379 2800 545 2867; x_wconf 90' lang='lat' dir='ltr'>doctrinae</span> <span class='ocrx_word' id='word_1_188' title='bbox 577 2799 815 2867; x_wconf 90' lang='lat' dir='ltr'>condicionibus</span> <span class='ocrx_word' id='word_1_189' title='bbox 847 2806 935 2866; x_wconf 89' lang='lat' dir='ltr'>recte</span> <span class='ocrx_word' id='word_1_190' title='bbox 968 2799 1070 2867; x_wconf 88' lang='lat' dir='ltr'>conici</span> <span class='ocrx_word' id='word_1_191' title='bbox 1100 2799 1212 2881; x_wconf 86' lang='lat' dir='ltr'>possit,</span> <span class='ocrx_word' id='word_1_192' title='bbox 1248 2798 1364 2881; x_wconf 89' lang='lat' dir='ltr'>quibus</span> 
     </span>
     <span class='ocr_line' id='line_1_24' title="bbox 190 2910 1295 2992; baseline -0.001 -16"><span class='ocrx_word' id='word_1_193' title='bbox 190 2910 389 2992; x_wconf 89' lang='lat' dir='ltr'>temporibus</span> <span class='ocrx_word' id='word_1_194' title='bbox 412 2911 558 2978; x_wconf 89' lang='lat' dir='ltr'>conditus</span> <span class='ocrx_word' id='word_1_195' title='bbox 582 2911 625 2977; x_wconf 90' lang='lat' dir='ltr'>sit</span> <span class='ocrx_word' id='word_1_196' title='bbox 647 2911 730 2978; x_wconf 91' lang='lat' dir='ltr'>liber</span> <span class='ocrx_word' id='word_1_197' title='bbox 751 2911 817 2991; x_wconf 91' lang='lat' dir='ltr'>ille,</span> <span class='ocrx_word' id='word_1_198' title='bbox 842 2913 925 2978; x_wconf 92' lang='lat' dir='ltr'>unde</span> <span class='ocrx_word' id='word_1_199' title='bbox 947 2911 1110 2977; x_wconf 90' lang='lat' dir='ltr'>fluxerunt</span> <span class='ocrx_word' id='word_1_200' title='bbox 1132 2916 1295 2992; x_wconf 89' lang='lat' dir='ltr'>excerpta.</span> 
     </span>
     <span class='ocr_line' id='line_1_25' title="bbox 297 3008 1363 3105; baseline -0.002 -18"><span class='ocrx_word' id='word_1_201' title='bbox 297 3023 519 3090; x_wconf 90' lang='lat' dir='ltr'>Perorationis</span> <span class='ocrx_word' id='word_1_202' title='bbox 542 3024 612 3091; x_wconf 88' lang='lat' dir='ltr'>loco</span> <span class='ocrx_word' id='word_1_203' title='bbox 627 3023 725 3092; x_wconf 93' lang='lat' dir='ltr'>velim</span> <span class='ocrx_word' id='word_1_204' title='bbox 741 3008 887 3104; x_wconf 84' lang='lat' dir='ltr'>exempla</span> <span class='ocrx_word' id='word_1_205' title='bbox 906 3042 1076 3105; x_wconf 89' lang='lat' dir='ltr'>apponere,</span> <span class='ocrx_word' id='word_1_206' title='bbox 1100 3042 1233 3104; x_wconf 90' lang='lat' dir='ltr'>quorum</span> <span class='ocrx_word' id='word_1_207' title='bbox 1249 3021 1363 3087; x_wconf 90' lang='lat' dir='ltr'>alteris</span> 
     </span>
     <span class='ocr_line' id='line_1_26' title="bbox 189 3132 1363 3233; baseline -0.003 -33"><span class='ocrx_word' id='word_1_208' title='bbox 189 3135 373 3202; x_wconf 86' lang='lat' dir='ltr'>illustretur</span> <span class='ocrx_word' id='word_1_209' title='bbox 408 3137 563 3217; x_wconf 90' lang='lat' dir='ltr'>quomodo</span> <span class='ocrx_word' id='word_1_210' title='bbox 600 3141 770 3233; x_wconf 82' lang='lat' dir='ltr'>excerptor</span> <span class='ocrx_word' id='word_1_211' title='bbox 805 3136 977 3201; x_wconf 89' lang='lat' dir='ltr'>secundum</span> <span class='ocrx_word' id='word_1_212' title='bbox 1009 3135 1141 3201; x_wconf 84' lang='lat' dir='ltr'>eli&#39;ectus</span> <span class='ocrx_word' id='word_1_213' title='bbox 1173 3132 1363 3199; x_wconf 87' lang='lat' dir='ltr'>distraxerit</span> 
     </span>
     <span class='ocr_line' id='line_1_27' title="bbox 190 3243 1363 3334; baseline -0.003 -23"><span class='ocrx_word' id='word_1_214' title='bbox 190 3246 293 3329; x_wconf 88' lang='lat' dir='ltr'>signa,</span> <span class='ocrx_word' id='word_1_215' title='bbox 315 3248 429 3314; x_wconf 88' lang='lat' dir='ltr'>alteris</span> <span class='ocrx_word' id='word_1_216' title='bbox 444 3253 566 3330; x_wconf 89' lang='lat' dir='ltr'>quanta</span> <span class='ocrx_word' id='word_1_217' title='bbox 580 3247 727 3317; x_wconf 87' lang='lat' dir='ltr'>socordia</span> <span class='ocrx_word' id='word_1_218' title='bbox 742 3253 776 3313; x_wconf 91' lang='lat' dir='ltr'>et</span> <span class='ocrx_word' id='word_1_219' title='bbox 790 3246 997 3334; x_wconf 83' lang='lat' dir='ltr'>neglegentia</span> <span class='ocrx_word' id='word_1_220' title='bbox 1013 3245 1160 3331; x_wconf 82' lang='lat' dir='ltr'>singulas</span> <span class='ocrx_word' id='word_1_221' title='bbox 1175 3263 1227 3310; x_wconf 88' lang='lat' dir='ltr'>res</span> <span class='ocrx_word' id='word_1_222' title='bbox 1243 3243 1363 3311; x_wconf 90' lang='lat' dir='ltr'>litteris</span> 
     </span>
     <span class='ocr_line' id='line_1_28' title="bbox 190 3357 1362 3452; baseline 0 -29"><span class='ocrx_word' id='word_1_223' title='bbox 190 3357 401 3426; x_wconf 78' lang='lat' dir='ltr'>mandaverit.</span> <span class='ocrx_word' id='word_1_224' title='bbox 426 3365 459 3443; x_wconf 66' lang='grc' dir='ltr'>(ξ</span> <span class='ocrx_word' id='word_1_225' title='bbox 474 3361 530 3446; x_wconf 80' lang='grc'>25)</span> <span class='ocrx_word' id='word_1_226' title='bbox 545 3364 610 3431; x_wconf 61' lang='lat' dir='ltr'>dciv</span> <span class='ocrx_word' id='word_1_227' title='bbox 625 3365 660 3429; x_wconf 76' lang='grc' dir='ltr'>δὲ</span> <span class='ocrx_word' id='word_1_228' title='bbox 679 3360 788 3452; x_wconf 67' lang='grc' dir='ltr'><em>ὥσπερ</em></span> <span class='ocrx_word' id='word_1_229' title='bbox 804 3374 930 3452; x_wconf 63' lang='grc' dir='ltr'><strong><em>κίγχροι</em></strong></span> <span class='ocrx_word' id='word_1_230' title='bbox 945 3372 1054 3451; x_wconf 72' lang='grc' dir='ltr'><strong><em>μικροὶ</em></strong></span> <span class='ocrx_word' id='word_1_231' title='bbox 1074 3363 1219 3450; x_wconf 79' lang='grc' dir='ltr'><strong><em>λαμπροὶ</em></strong></span> <span class='ocrx_word' id='word_1_232' title='bbox 1235 3359 1362 3439; x_wconf 77' lang='grc' dir='ltr'><strong><em>πολλοί,</em></strong></span> 
     </span>
     <span class='ocr_line' id='line_1_29' title="bbox 190 3470 1362 3564; baseline 0 -24"><span class='ocrx_word' id='word_1_233' title='bbox 190 3473 316 3560; x_wconf 76' lang='grc' dir='ltr'><em>α’νέμου</em></span> <span class='ocrx_word' id='word_1_234' title='bbox 338 3482 401 3560; x_wconf 76' lang='grc' dir='ltr'>μὲν</span> <span class='ocrx_word' id='word_1_235' title='bbox 424 3473 517 3552; x_wconf 71' lang='grc' dir='ltr'><em>ὄντος</em></span> <span class='ocrx_word' id='word_1_236' title='bbox 541 3473 668 3553; x_wconf 72' lang='grc' dir='ltr'><em>εὐδίαν,</em></span> <span class='ocrx_word' id='word_1_237' title='bbox 692 3476 736 3563; x_wconf 69' lang='grc' dir='ltr'>μή</span> <span class='ocrx_word' id='word_1_238' title='bbox 762 3474 886 3561; x_wconf 57' lang='lat' dir='ltr'>despue</span> <span class='ocrx_word' id='word_1_239' title='bbox 915 3470 1109 3564; x_wconf 64' lang='grc' dir='ltr'><strong>(11111111ρῆ</strong></span> <span class='ocrx_word' id='word_1_240' title='bbox 1137 3470 1272 3559; x_wconf 73' lang='grc' dir='ltr'>ἄνεμον,</span> <span class='ocrx_word' id='word_1_241' title='bbox 1301 3485 1362 3549; x_wconf 89' lang='lat' dir='ltr'>quo</span> 
     </span>
     <span class='ocr_line' id='line_1_30' title="bbox 191 3580 1364 3664; baseline -0.003 -17"><span class='ocrx_word' id='word_1_242' title='bbox 191 3583 260 3649; x_wconf 89' lang='lat' dir='ltr'>loco</span> <span class='ocrx_word' id='word_1_243' title='bbox 283 3602 354 3648; x_wconf 94' lang='lat' dir='ltr'>cum</span> <span class='ocrx_word' id='word_1_244' title='bbox 377 3583 497 3649; x_wconf 86' lang='lat' dir='ltr'>habeas</span> <span class='ocrx_word' id='word_1_245' title='bbox 520 3588 554 3649; x_wconf 92' lang='lat' dir='ltr'>et</span> <span class='ocrx_word' id='word_1_246' title='bbox 569 3582 775 3650; x_wconf 88' lang='lat' dir='ltr'>serenitatem</span> <span class='ocrx_word' id='word_1_247' title='bbox 791 3589 824 3651; x_wconf 88' lang='lat' dir='ltr'>et</span> <span class='ocrx_word' id='word_1_248' title='bbox 839 3602 954 3664; x_wconf 82' lang='lat' dir='ltr'>aquom</span> <span class='ocrx_word' id='word_1_249' title='bbox 970 3588 1003 3649; x_wconf 90' lang='grc'>61</span> <span class='ocrx_word' id='word_1_250' title='bbox 1018 3587 1159 3662; x_wconf 90' lang='lat' dir='ltr'>ventum,</span> <span class='ocrx_word' id='word_1_251' title='bbox 1184 3580 1364 3664; x_wconf 86' lang='lat' dir='ltr'>posteriora</span> 
     </span>
     <span class='ocr_line' id='line_1_31' title="bbox 192 3693 1361 3784; baseline -0.002 -24"><span class='ocrx_word' id='word_1_252' title='bbox 192 3694 253 3760; x_wconf 91' lang='lat' dir='ltr'>duo</span> <span class='ocrx_word' id='word_1_253' title='bbox 277 3695 345 3760; x_wconf 85' lang='lat' dir='ltr'>fere</span> <span class='ocrx_word' id='word_1_254' title='bbox 366 3694 479 3761; x_wconf 89' lang='lat' dir='ltr'>iisdem</span> <span class='ocrx_word' id='word_1_255' title='bbox 502 3695 610 3762; x_wconf 88' lang='lat' dir='ltr'>verbis</span> <span class='ocrx_word' id='word_1_256' title='bbox 633 3696 798 3777; x_wconf 85' lang='lat' dir='ltr'>adscripta</span> <span class='ocrx_word' id='word_1_257' title='bbox 819 3693 964 3761; x_wconf 90' lang='lat' dir='ltr'>invenies</span> <span class='ocrx_word' id='word_1_258' title='bbox 987 3701 1007 3780; x_wconf 66' lang='grc' dir='ltr'>ξ</span> <span class='ocrx_word' id='word_1_259' title='bbox 1034 3695 1088 3760; x_wconf 85' lang='grc'>14;</span> <span class='ocrx_word' id='word_1_260' title='bbox 1113 3704 1142 3762; x_wconf 84' lang='lat' dir='ltr'>ot</span> <span class='ocrx_word' id='word_1_261' title='bbox 1158 3697 1317 3784; x_wconf 72' lang='grc' dir='ltr'>μύκητες.</span> <span class='ocrx_word' id='word_1_262' title='bbox 1334 3748 1361 3759; x_wconf 94' lang='grc'>..</span> 
     </span>
     <span class='ocr_line' id='line_1_32' title="bbox 191 3804 1364 3900; baseline 0.002 -26"><span class='ocrx_word' id='word_1_263' title='bbox 191 3821 322 3895; x_wconf 80' lang='grc' dir='ltr'><strong><em>σμικροί</em></strong></span> <span class='ocrx_word' id='word_1_264' title='bbox 341 3820 398 3876; x_wconf 79' lang='grc' dir='ltr'>καὶ</span> <span class='ocrx_word' id='word_1_265' title='bbox 422 3810 612 3898; x_wconf 73' lang='grc' dir='ltr'><em>κεγχρώδεις</em></span> <span class='ocrx_word' id='word_1_266' title='bbox 628 3820 685 3877; x_wconf 81' lang='grc' dir='ltr'>καὶ</span> <span class='ocrx_word' id='word_1_267' title='bbox 701 3813 848 3900; x_wconf 77' lang='grc' dir='ltr'><strong><em>λαμπροὶ</em></strong></span> <span class='ocrx_word' id='word_1_268' title='bbox 864 3807 952 3899; x_wconf 72' lang='grc' dir='ltr'>ὕδωρ</span> <span class='ocrx_word' id='word_1_269' title='bbox 968 3823 1029 3877; x_wconf 84' lang='grc' dir='ltr'>καί</span> <span class='ocrx_word' id='word_1_270' title='bbox 1042 3806 1167 3894; x_wconf 67' lang='grc' dir='ltr'><em>ἄνεμον</em></span> <span class='ocrx_word' id='word_1_271' title='bbox 1185 3827 1190 3837; x_wconf 91' lang='grc'>’</span> <span class='ocrx_word' id='word_1_272' title='bbox 1207 3804 1364 3869; x_wconf 68' lang='grc' dir='ltr'>ΓὶὶῖῘθΠθῐῐΙ</span> 
     </span>
     <span class='ocr_line' id='line_1_33' title="bbox 191 3916 1360 4007; baseline -0.002 -23"><span class='ocrx_word' id='word_1_273' title='bbox 191 3918 381 4001; x_wconf 89' lang='lat' dir='ltr'>excerpendi</span> <span class='ocrx_word' id='word_1_274' title='bbox 403 3918 522 4003; x_wconf 92' lang='lat' dir='ltr'>optime</span> <span class='ocrx_word' id='word_1_275' title='bbox 549 3917 723 4000; x_wconf 87' lang='lat' dir='ltr'>perspicies</span> <span class='ocrx_word' id='word_1_276' title='bbox 746 3918 775 3984; x_wconf 90' lang='lat' dir='ltr'>si</span> <span class='ocrx_word' id='word_1_277' title='bbox 802 3916 977 3985; x_wconf 89' lang='lat' dir='ltr'>contuleris</span> <span class='ocrx_word' id='word_1_278' title='bbox 1004 3922 1037 4001; x_wconf 64' lang='grc' dir='ltr'>(ξ</span> <span class='ocrx_word' id='word_1_279' title='bbox 1064 3919 1117 4001; x_wconf 85' lang='grc'>16)</span> <span class='ocrx_word' id='word_1_280' title='bbox 1144 3920 1278 4007; x_wconf 67' lang='grc' dir='ltr'><strong><em>ἐρωὸιός</em></strong></span> <span class='ocrx_word' id='word_1_281' title='bbox 1299 3970 1306 3983; x_wconf 93' lang='grc'><strong>.</strong></span> <span class='ocrx_word' id='word_1_282' title='bbox 1331 3971 1360 3983; x_wconf 94' lang='grc'>..</span> 
     </span>
    </p>
   </div>
   <div class='ocr_carea' id='block_1_3' title="bbox 188 4223 1364 4481">
    <p class='ocr_par' dir='ltr' id='par_1_3' title="bbox 188 4223 1364 4481">
     <span class='ocr_line' id='line_1_34' title="bbox 294 4223 1362 4294; baseline -0.004 -16"><span class='ocrx_word' id='word_1_283' title='bbox 294 4228 314 4292; x_wconf 89' lang='lat'>¹)</span> <span class='ocrx_word' id='word_1_284' title='bbox 333 4229 407 4279; x_wconf 86' lang='lat' dir='ltr'>intra</span> <span class='ocrx_word' id='word_1_285' title='bbox 426 4227 534 4281; x_wconf 88' lang='lat' dir='ltr'>docebo</span> <span class='ocrx_word' id='word_1_286' title='bbox 552 4243 608 4280; x_wconf 92' lang='lat' dir='ltr'>nou</span> <span class='ocrx_word' id='word_1_287' title='bbox 628 4233 821 4294; x_wconf 86' lang='lat' dir='ltr'>excerptorem</span> <span class='ocrx_word' id='word_1_288' title='bbox 841 4242 877 4278; x_wconf 85' lang='lat' dir='ltr'>ex</span> <span class='ocrx_word' id='word_1_289' title='bbox 895 4223 951 4277; x_wconf 89' lang='lat' dir='ltr'>illis</span> <span class='ocrx_word' id='word_1_290' title='bbox 971 4224 1052 4278; x_wconf 89' lang='lat' dir='ltr'>libris</span> <span class='ocrx_word' id='word_1_291' title='bbox 1072 4225 1212 4288; x_wconf 74' lang='lat' dir='ltr'>hausisse,</span> <span class='ocrx_word' id='word_1_292' title='bbox 1233 4224 1281 4277; x_wconf 88' lang='lat' dir='ltr'>sed</span> <span class='ocrx_word' id='word_1_293' title='bbox 1304 4224 1362 4275; x_wconf 87' lang='lat' dir='ltr'>sere</span> 
     </span>
     <span class='ocr_line' id='line_1_35' title="bbox 192 4309 1364 4383; baseline -0.002 -17"><span class='ocrx_word' id='word_1_294' title='bbox 192 4312 288 4366; x_wconf 89' lang='lat' dir='ltr'>omnia</span> <span class='ocrx_word' id='word_1_295' title='bbox 309 4330 381 4382; x_wconf 88' lang='lat' dir='ltr'>quae</span> <span class='ocrx_word' id='word_1_296' title='bbox 404 4313 459 4366; x_wconf 89' lang='lat' dir='ltr'>huc</span> <span class='ocrx_word' id='word_1_297' title='bbox 483 4330 571 4382; x_wconf 87' lang='lat' dir='ltr'>usque</span> <span class='ocrx_word' id='word_1_298' title='bbox 596 4313 630 4366; x_wconf 90' lang='lat' dir='ltr'>de</span> <span class='ocrx_word' id='word_1_299' title='bbox 657 4319 823 4382; x_wconf 84' lang='lat' dir='ltr'>excerptore</span> <span class='ocrx_word' id='word_1_300' title='bbox 846 4309 1063 4383; x_wconf 78' lang='lat' dir='ltr'>disputavimus,</span> <span class='ocrx_word' id='word_1_301' title='bbox 1088 4310 1115 4363; x_wconf 92' lang='lat' dir='ltr'>iu</span> <span class='ocrx_word' id='word_1_302' title='bbox 1135 4317 1277 4363; x_wconf 85' lang='lat' dir='ltr'>auctorem</span> <span class='ocrx_word' id='word_1_303' title='bbox 1295 4315 1364 4382; x_wconf 79' lang='grc' dir='ltr'><strong><em>περὶ</em></strong></span> 
     </span>
     <span class='ocr_line' id='line_1_36' title="bbox 188 4395 1132 4481; baseline -0.005 -24"><span class='ocrx_word' id='word_1_304' title='bbox 188 4411 315 4481; x_wconf 75' lang='grc' dir='ltr'><strong><em>σημείων</em></strong></span> <span class='ocrx_word' id='word_1_305' title='bbox 334 4399 402 4459; x_wconf 89' lang='lat' dir='ltr'>libri</span> <span class='ocrx_word' id='word_1_306' title='bbox 422 4399 531 4469; x_wconf 79' lang='lat' dir='ltr'>cudere,</span> <span class='ocrx_word' id='word_1_307' title='bbox 551 4418 635 4478; x_wconf 80' lang='lat' dir='ltr'>quem</span> <span class='ocrx_word' id='word_1_308' title='bbox 653 4418 741 4461; x_wconf 78' lang='lat' dir='ltr'>nuum</span> <span class='ocrx_word' id='word_1_309' title='bbox 759 4407 913 4472; x_wconf 72' lang='lat' dir='ltr'>excerptor</span> <span class='ocrx_word' id='word_1_310' title='bbox 931 4395 1132 4470; x_wconf 77' lang='lat' dir='ltr'>compilaverit.</span> 
     </span>
    </p>
   </div>
   <div class='ocr_carea' id='block_1_4' title="bbox 0 0 1481 5160">
    <p class='ocr_par' dir='ltr' id='par_1_4' title="bbox 0 0 1481 5160">
     <span class='ocr_line' id='line_1_37' title="bbox 0 0 1481 5160; baseline 0 0"><span class='ocrx_word' id='word_1_311' title='bbox 0 0 1481 5160; x_wconf 95' lang='lat' dir='ltr'> </span> 
     </span>
    </p>
   </div>
  </div>
 </body>
</html>
