2948 5160
626 259 759 323 ...74
804 300 849 307 -

150 452 260 517 eadem
286 452 458 533 disciplina
472 454 677 547 continetur,
706 473 770 534 qua
797 455 1024 535 praecedentes
1051 455 1136 535 libri,
1168 461 1255 522 certe
1284 457 1327 522 ad

150 564 233 630 hanc
255 564 393 645 priorem
417 570 541 645 partem
566 584 673 630 omncs
689 564 739 629 1111
755 572 903 631 auctores
919 553 1045 647 priores·
1058 567 1217 632 referendi
1234 573 1325 647 sunt;

150 674 250 741 ceteri
283 694 360 741 vero
393 679 541 741 auctores
580 676 720 755 „Thales
753 677 908 742 Eudoxus
946 678 1117 759 Philippus
1156 678 1327 760 Oallippus

150 787 327 852 Dositheus
339 787 566 853 Parmeniscus
577 788 691 853 Meton
704 788 817 854 Criton
831 789 1012 870 Oenopides
1024 790 1135 855 Conon
1145 792 1325 856 Euctemon

150 898 318 979 Harpalus
334 887 519 977 Hecataeus
536 900 778 964 Anaximander
793 899 964 983 Sosigenes
976 900 1185 982 Hipparchus
1198 902 1324 967 Aratus

149 1011 341 1076 Zoroastres
357 1010 565 1090 Archibius“,
589 1011 644 1091 qui
659 1031 814 1091 nusquam
830 1011 912 1076 alias
928 1013 1037 1078 eodem
1053 1013 1163 1079 ordine
1179 1034 1199 1079 a
1215 1014 1325 1079 Plinio

150 1129 385 1202 enumerantur,
415 1122 560 1188 nonnulli
588 1123 714 1187 omuino
743 1143 903 1204 nunquam
920 1127 1223 1204 commemorantur,
1253 1145 1325 1190 cum

148 1235 326 1316 posteriore
358 1240 450 1314 parte
483 1233 695 1317 coniungendi
731 1254 801 1300 esse
834 1235 991 1314 videntur,
1027 1237 1217 1316 praesertim
1253 1257 1325 1301 cum

106 1421 109 1428 ,
149 1346 276 1419 Plinius
300 1352 378 1411 sect.
396 1348 437 1410 od
461 1347 540 1410 haec
564 1345 706 1410 scribens
723 1347 889 1427 „sequitur
911 1348 972 1413 huc
995 1347 1098 1412 dilata
1121 1353 1153 1420 et
1173 1368 1326 1412 maxuma

148 1457 297 1540 indigens
332 1477 409 1522 cura
432 1457 470 1521 do
494 1463 637 1538 tempore
659 1457 770 1539 fruges
793 1459 919 1522 serendi
949 1460 1104 1539 quaestio,
1137 1452 1256 1541 magna
1286 1480 1326 1524 ex

149 1576 243 1649 parte
280 1568 407 1634 ratione
446 1567 585 1633 siderum
624 1579 787 1634 connexa“
827 1576 939 1649 aperte
969 1570 1142 1635 transitum
1172 1571 1273 1636 faciat
1305 1592 1326 1636 a

149 1681 333 1761 plantarum
360 1678 573 1759 descriptione
604 1680 645 1744 ad
671 1699 803 1759 prorsus
831 1681 927 1745 aliam
960 1701 1036 1760 rem,
1070 1701 1140 1747 cum
1172 1688 1250 1748 sect.
1281 1685 1324 1746 14

149 1799 169 1875 ξ
192 1793 257 1856 312
282 1791 413 1872 plurimi
437 1799 585 1856 auctores
609 1790 657 1855 ita
681 1792 863 1870 laudentur,
889 1798 925 1858 ut
950 1793 1064 1857 statim
1083 1795 1323 1859 excusationem

148 1905 321 1969 habeamus
354 1922 412 1968 cur
443 1901 542 1967 ceteri
573 1921 705 1982 quorum
738 1903 832 1983 pauci
865 1912 1152 1971 commemorantur
1179 1911 1199 1988 ξ
1223 1907 1288 1969 213
1302 1913 1322 1990 ¹)

23 2070 27 2079 .
81 2081 86 2089 ,
149 2014 257 2080 omissi
273 2015 348 2079 sint.
383 2015 539 2096 Legimus
555 2021 574 2097 ξ
591 2016 656 2077 312
682 2014 775 2093 „dein
792 2014 1004 2094 consentiunt,
1029 2018 1113 2096 quod
1136 2025 1186 2081 est
1202 2036 1319 2095 rarum,

147 2126 328 2208 Philippus
358 2125 536 2207 Oallippus,
565 2125 752 2205 Dositheus,
781 2126 1016 2206 Parmeniscus,
1046 2128 1167 2207 Oonon,
1197 2127 1319 2207 Criton,

148 2239 362 2317 Democritus
387 2239 572 2304 1111110111αέί
607 2238 728 2303 Nostro
752 2238 855 2320 igitur
877 2239 946 2304 iure
970 2239 1190 2306 contendimus
1214 2259 1322 2305 omnes

147 2359 295 2417 auctores
322 2349 395 2415 inde
423 2369 443 2414 a
472 2350 609 2414 Thalete
636 2368 735 2429 usque
762 2351 803 2414 ad
825 2349 1048 2431 Hipparchum
1076 2353 1117 2417 ad
1144 2358 1318 2433 temporum

148 2461 391 2542 descriptionem
416 2479 486 2525 esse
509 2459 683 2539 adhibitos;
712 2461 868 2541 plurimos
895 2463 978 2527 enim
993 2463 1035 2556 Ι111
1057 2465 1154 2529 rebus
1177 2470 1322 2529 astrono-

147 2573 237 2640 micis
253 2574 294 2638 ad
309 2593 401 2638 usum
417 2572 611 2637 cotidianum
628 2574 903 2639 accommodandis
918 2580 1065 2640 versatos
1081 2594 1151 2639 esse
1167 2575 1322 2641 facillime

148 2684 340 2751 calendariis
373 2684 498 2766 graecis
530 2672 823 2749 aWachsmuthio
856 2686 950 2750 editis
984 2688 1153 2766 probatum
1188 2687 1227 2751 de
1257 2706 1319 2752 uno

46 2872 48 2877 ¹
147 2796 286 2862 fortasse
302 2797 468 2862 Hecataeo
492 2796 660 2861 dubitatur
682 2815 814 2876 prorsus
829 2797 949 2878 ignoto.
986 2798 1170 2862 Admonere
1185 2799 1323 2878 denique

147 2908 204 2974 vix
227 2927 306 2989 opus
331 2913 380 2973 est
404 2927 467 2972 non
490 2913 556 2972 tam
582 2927 621 2973 ex
643 2907 723 2989 ipsis
746 2914 912 2974 auctorum
935 2909 1028 2974 libris
1052 2928 1146 2989 quam
1166 2929 1206 2975 ex
1229 2929 1322 2990 para·

146 3020 306 3102 pegmatis
337 3025 503 3085 auctorum
536 3020 664 3084 nomina
692 3019 841 3085 aPlinio
870 3040 940 3086 csse
967 3020 1182 3101 transscripta
1205 3021 1253 3086 ita
1284 3028 1321 3085 ut

145 3151 185 3197 ne
208 3132 248 3196 ad
264 3130 411 3196 Thaletis
435 3131 559 3211 quidem
576 3131 737 3197 nauticam
753 3132 965 3215 astrologiam
982 3133 1220 3212 provocandum
1235 3133 1319 3217 sit.‘²)

223 3277 226 3281 -
251 3243 392 3307 Restant
407 3242 509 3323 igitur
525 3243 650 3307 Aratus
666 3243 858 3308 Zoroastres
873 3242 1059 3309 Archibius.
1092 3245 1204 3324 Atque
1220 3243 1320 3309 Arati

146 3354 335 3419 Diosemeas
359 3353 484 3434 quidem
508 3354 571 3419 iam
600 3373 698 3435 supra
724 3354 801 3419 mihi
828 3346 1021 3434 persuadere
1048 3374 1112 3420 non
1134 3355 1226 3436 potui
1249 3374 1319 3420 csse

144 3465 330 3547 primarium
355 3464 456 3529 Plinii
480 3464 609 3544 fontem,
639 3466 736 3530 etiam
764 3465 834 3531 ideo
859 3467 942 3546 quod
965 3466 1092 3531 Plinius
1115 3466 1223 3532 colens
1247 3485 1317 3531 cum

146 3578 364 3643 Romanarum
401 3577 583 3642 litterarum
620 3583 688 3642 tum
722 3578 932 3659 Vergilianae
969 3596 1102 3658 poeseos
1135 3577 1318 3660 Vergilium

145 3689 364 3771 praetulisset,
397 3688 425 3752 si
456 3688 490 3753 in
517 3694 612 3769 poeta
639 3688 838 3770 requiescere
864 3689 1030 3755 voluisset.
1081 3691 1133 3754 De
1160 3688 1318 3754 Archibio

250 3959 269 4024 ¹)
296 3955 432 4009 Occasum
458 3958 625 4008 matutinum
647 3956 827 4027 vergiliarum
852 3957 993 4011 Hesiodus
1017 3957 1133 4010 tradidit
1162 3959 1222 4010 fieri
1253 3976 1317 4012 cum

146 4045 354 4112 aequinoctium
373 4044 500 4095 autumni
519 4044 710 4110 conficeretur,
731 4043 832 4096 Thales
846 4044 983 4112 vigesimo
997 4044 1094 4112 quinto
1113 4043 1157 4096 die
1175 4045 1210 4095 ab
1224 4045 1317 4112 aequi-

145 4133 251 4195 noctio,
270 4129 483 4181 Anaximander
501 4131 639 4195 vigesimo
659 4147 744 4195 nono,
763 4131 920 4182 Euctemon
937 4130 1059 4184 XLVlll.

246 4220 270 4281 2)
295 4216 410 4284 simplic
428 4218 456 4267 in
481 4217 564 4284 phys.
586 4222 617 4272 ἐκ
643 4225 701 4272 τῶν
722 4219 910 4293 Θεοφράστου
931 4228 1064 4291 φυσικῶν
1084 4223 1177 4281 δοξῶν
1196 4219 1316 4285 doxogr.

144 4322 173 4374 p.
187 4305 247 4368 475,
268 4304 299 4356 13
312 4310 425 4374 λέγεται
445 4308 475 4359 δὲ
496 4308 528 4360 ἐν
546 4312 677 4380 γραφαῖς
693 4309 787 4379 μηδὲν
805 4311 971 4362 καταλιπεῖν
989 4304 1060 4373 nlla
1073 4313 1123 4373 τῆς
1139 4314 1317 4381 καλουμένης

143 4399 286 4458 Ναατικῆς
304 4392 502 4466 ἀστρολογίας.
