2948 5160
629 245 850 307 ,62-

154 438 282 520 phrasti
305 439 407 504 aetati
422 439 475 505 vel
495 439 602 520 potius
618 438 838 519 Peripatetico
861 438 921 518 1111,
946 438 998 519 qui
1016 438 1165 518 Athenis,
1191 436 1332 503 fortasse

156 551 414 631 aTheophrasto
438 551 554 629 inssns,
579 552 695 615 librum
719 551 758 615 de
781 549 883 633 signis
907 550 1068 629 conflavit,
1093 551 1183 623 illam
1204 556 1331 630 partem

155 662 334 746 tribuimus,

261 773 363 837 Aliud
387 779 562 852 temporum
592 773 644 838 vel
678 773 819 838 auctoris
846 772 997 839 indicium
1022 773 1054 837 in
1086 773 1256 838 stellarum
1285 772 1332 836 in-

156 886 332 950 errantium
356 885 555 966 apparentiis
580 887 682 950 latere
698 885 835 962 videtur,
860 904 941 966 qnae
957 884 1143 950 illustrandi
1159 903 1258 950 causa
1273 891 1294 968 ξ
1312 888 1332 949 2

155 1001 390 1061 enumerantur.
439 997 523 1062 Nam
556 1015 627 1061 cnm
654 996 829 1063 verisimile
861 996 905 1060 sit
937 997 1144 1076 apparentias
1172 1016 1228 1061 eas
1260 1016 1334 1062 esse

156 1109 305 1174 laudatas
329 1127 411 1188 quae
435 1108 475 1172 ad
499 1107 575 1172 anni
598 1113 745 1188 tempora
768 1107 942 1188 digerenda
965 1106 1111 1188 inprimis
1135 1113 1333 1188 spectarent,

155 1239 228 1301 spes
252 1226 302 1284 est
325 1219 374 1284 his
398 1219 596 1299 apparentiis
620 1219 748 1283 collatis
764 1238 822 1283 nos
838 1226 999 1284 auctorem
1021 1218 1233 1300 indagaturus
1250 1239 1332 1299 esse,

155 1331 208 1412 qni
232 1351 250 1394 1
273 1332 383 1395 multis
406 1330 566 1395 diversum
592 1329 624 1393 in
641 1331 766 1395 modum
788 1334 864 1395 anni
879 1331 966 1397 vices
983 1330 1256 1395 constituentibus
1282 1332 1335 1396 his

154 1442 325 1523 praecipue
349 1441 638 1524 significationibus
665 1461 742 1505 usus
771 1441 823 1506 sit.
871 1443 981 1522 Atque
1008 1441 1152 1522 profecto
1176 1441 1232 1507 viir
1256 1443 1333 1515 erit,

154 1554 208 1634 qui
224 1553 361 1618 Arcturi
384 1554 470 1617 ortui
486 1554 679 1633 vespertino,
704 1553 821 1634 quippe
837 1554 891 1634 qni
906 1555 994 1619 solus
1011 1553 1132 1618 allatus
1153 1553 1204 1632 sit,
1230 1555 1336 1619 1111111

154 1664 381 1730 etauctoritatem
404 1665 546 1747 deroget,
572 1671 727 1745 extraque
750 1665 981 1730 dubitationem
1003 1684 1073 1730 esse
1088 1664 1218 1730 videtur
1234 1667 1338 1748 scrip-

153 1776 218 1841 tori
241 1776 378 1841 Arcturi
405 1780 508 1840 ortum
537 1776 756 1857 vespertinum
784 1777 870 1842 veris
897 1776 1024 1842 initium
1054 1777 1267 1858 significasse,
1300 1786 1337 1845 ut

154 1887 340 1952 Democrito
377 1887 567 1951 Euctemoni
603 1887 764 1968 Philippo.
829 1888 951 1952 Tamen
988 1888 1021 1953 in
1056 1889 1114 1953 1111
1150 1882 1220 1969 ipso
1258 1897 1335 1957 ortu

153 2000 328 2063 haeremus
376 2000 461 2064 Nam
489 1999 596 2064 verbis
624 2001 644 2088 ἡ
673 2005 732 2069 τοῦ
754 2007 914 2088 χειμῶνος
942 2000 1123 2090 ductaeque
1148 2002 1334 2093 (α’νατολή)

153 2110 303 2174 docemur
318 2109 468 2190 scriptori
485 2116 589 2174 ortum
602 2109 820 2190 vespertinum
832 2130 895 2174 nou
908 2110 994 2175 reris
1010 2110 1137 2174 initium
1153 2111 1332 2194 indicasse;

152 2222 180 2285 si
204 2221 287 2286 enim
311 2240 386 2287 vere
409 2221 540 2286 ineunte
563 2223 741 2286 Arcturum
765 2222 931 2287 oriundum
956 2221 1126 2302 posuisset,
1160 2222 1332 2291 dicendum

152 2339 223 2397 erat
247 2335 342 2422 ἡτοῦ
359 2336 452 2422 ἔαρος
470 2334 616 2423 daumio}
642 2341 679 2398 ut
702 2341 814 2414 postea
837 2332 990 2413 scriptum
1015 2340 1064 2397 est
1084 2336 1330 2429 ἦμετοπωρινῆ

152 2447 232 2536 ἑῴα.
270 2444 408 2509 Accedit
430 2445 514 2525 quod
537 2445 685 2509 matutini
710 2451 800 2509 ortus
817 2445 948 2510 Orionis
972 2451 1004 2510 et
1020 2444 1084 2510 Siri
1109 2464 1209 2525 parvo
1235 2446 1327 2515 intor-

151 2556 238 2619 vallo
264 2557 399 2620 sedecim
424 2555 546 2621 dierum
570 2575 604 2620 se
628 2555 800 2636 excipiunt,
825 2563 862 2620 ut
884 2556 940 2621 vix
964 2557 1055 2620 nobis
1079 2558 1323 2636 persuadeamus

154 2665 187 2730 in
211 2686 273 2731 nno
298 2667 468 2748 eodemque
492 2675 669 2748 temporum
693 2673 868 2747 systemate
891 2687 945 2732 eos
966 2667 1058 2747 quasi
1078 2667 1154 2732 anni
1170 2667 1329 2737 divisores

152 2776 260 2842 fnisse.
299 2779 369 2843 Aut
385 2779 468 2843 enim
485 2781 525 2843 ab
543 2779 673 2843 Orionis
697 2785 769 2842 ortu
787 2798 889 2858 opora
912 2778 1096 2859 incipiebat,
1121 2784 1157 2843 nt
1173 2781 1331 2847 volebant

150 2888 349 2954 Aristoteles
382 2894 414 2954 et
442 2889 683 2970 Theophrastus
698 2897 717 2973 ¹)
751 2891 802 2972 (de
831 2890 938 2955 ventis
966 2897 986 2974 ξ
1010 2893 1075 2974 oo),
1110 2898 1208 2971 utque
1241 2894 1330 2974 apud

152 2999 330 3064 Hesiodum
363 3001 500 3066 triturae
532 3007 701 3085 tempusa
739 3008 796 3066 aut
827 3003 923 3082 paulo
956 3008 1029 3082 post
1064 3022 1083 3066 a
1116 3001 1215 3068 Oanis
1253 3013 1328 3070 ortu

150 3111 318 3189 matutino,
352 3119 388 3177 ut
411 3115 509 3195 vulgo
542 3112 641 3178 fiebat
673 3113 745 3177 inde
773 3114 813 3177 ab
841 3113 1052 3193 Hippocratis
1085 3114 1328 3200 temporibusss)
1356 3190 1359 3195 .

149 3221 327 3302 Utriusque
359 3231 449 3289 ortus
477 3244 540 3288 non
568 3224 662 3288 simul
690 3223 903 3305 significabat.
957 3225 1046 3291 Satis
1073 3225 1175 3307 igitur
1203 3226 1246 3291 sit
1275 3228 1327 3292 hio

150 3334 352 3398 admonuisse
375 3335 492 3400 eisdem
509 3342 662 3415 quattuor
677 3336 775 3400 astris
792 3337 945 3415 Arcturo,
970 3337 1166 3416 Pleiadibns,
1193 3338 1325 3417 Orione,

149 3445 234 3510 Sirio
259 3452 443 3512 contentum
458 3447 559 3511 t'uisse
574 3448 763 3529 magistrum
780 3447 869 3512 illum
887 3467 1089 3528 anonymum,
1115 3449 1169 3528 qui
1185 3451 1324 3516 seeundo

148 3577 177 3620 a.
203 3556 278 3622 Oin.
304 3559 431 3622 saeculo
460 3559 589 3623 ineunte
618 3560 834 3639 compendium
859 3560 1016 3640 quoddam
1044 3560 1125 3625 artis
1149 3562 1326 3627 Endoxeae

149 3667 315 3748 discipulis
348 3669 557 3753 dictitavitfl)
613 3672 702 3735 idem
739 3671 919 3736 traditurus
955 3677 1116 3737 astrorum
1149 3672 1326 3738 intervalia

252 3939 271 3999 ¹)
292 3936 398 4001 11111111Ὶ
419 3938 624 3991 Sonnenkreise
645 3957 669 4005 p.
692 3940 749 3991 103.

245 4025 267 4085 ²)
288 4022 339 4090 Op.
362 4032 388 4074 et
408 4022 482 4075 Dies.
505 4042 528 4076 r.
550 4026 598 4076 597
619 4029 713 4100 δμωσὶ
735 4025 760 4079 d'
774 4027 943 4100 ἐποτρύνειν
956 4026 1119 4101 Δημήτερος
1133 4027 1216 4103 ἷερᾰν
1230 4029 1321 4096 aazia

149 4113 278 4182 δινέμεν,
301 4107 356 4164 εὖτ’
375 4109 410 4163 ἄν
427 4118 526 4180 πρώτα
546 4113 625 4183 φανῇ
645 4120 750 4173 σθένος
769 4113 922 4182 Ὠρίωνος.

250 4196 271 4257 ³)
291 4195 400 4256 noenu,
421 4196 637 4260 Sonnenlrreise,
657 4215 685 4266 p.
706 4199 746 4250 76.

244 4281 269 4346 ⁴)
288 4280 406 4333 Journal
420 4280 469 4333 des
483 4290 594 4335 savants
610 4284 676 4335 1839
688 4301 716 4353 p.
728 4285 777 4335 653
791 4291 818 4335 et
832 4283 969 4338 Wachsm.
986 4284 1025 4337 Io.
1042 4285 1146 4346 Lydus.
1163 4288 1317 4354 appendix.

143 4383 170 4437 p.
190 4367 250 4419 273.
