2948 5160
672 236 895 301 „52-

198 431 294 497 telem
322 437 355 497 et
383 432 621 497 Timosthenem
649 434 812 515 ponendus
845 440 908 511 est3
943 451 1003 514 ego
1036 431 1161 513 quidem
1194 431 1313 511 malim,
1347 431 1377 497 si

200 544 300 609 Rosei
338 543 482 625 exemplo
521 544 777 611 ratiocinandum
816 550 876 624 est,
915 550 989 624 post
1026 543 1273 610 Timosthenem.
1326 543 1378 609 At

199 656 337 721 alterum
360 662 584 738 argumentum
606 657 711 739 magis
726 659 864 740 urgebat
880 657 975 721 Rose.
1012 656 1151 721 Boream
1166 655 1250 720 enim
1266 659 1378 720 censet

199 767 233 831 iu
255 766 312 831 illo
336 765 517 850 fragmento
538 768 703 848 aparctiae
726 769 795 834 loco
819 767 1013 847 enumerari;
1038 787 1133 848 quam
1158 767 1378 847 confusionem

200 898 270 944 cum
294 878 391 944 etiam
408 879 606 945 Aristoteles
629 879 663 945 in
679 899 714 945 se
729 880 904 960 admiserit,
930 879 1121 945 Aristotelis
1138 877 1240 944 aetati
1255 879 1379 960 subpar

202 1009 273 1056 esse
297 990 424 1057 videtur
451 996 564 1056 auctor
591 991 775 1075 fragmenti.
824 992 886 1058 Sed
909 999 1079 1072 utrumque
1107 988 1302 1055 dubitationi
1325 991 1380 1055 ob

199 1101 329 1167 noxium
352 1107 410 1167 est.
458 1104 543 1168 Nam
565 1103 703 1187 legimus
727 1104 853 1184 quidem
876 1104 1045 1169 Meteorol.
1070 1103 1109 1168 ΙΙ
1133 1104 1152 1166 d
1176 1121 1206 1183 p.
1231 1101 1380 1166 3631114

198 1223 318 1301 βορέας
342 1218 378 1283 δὲ
402 1226 459 1282 καῖ
484 1216 673 1302 α’παρκτίας
697 1218 768 1285 α’πό
794 1223 852 1286 τοῦ
869 1228 910 1297 II,
936 1216 992 1281 sed
1014 1216 1129 1280 boreas
1154 1233 1192 1279 ea
1215 1213 1255 1279 de
1278 1202 1381 1279 callsa

199 1325 338 1405 additur,
382 1326 466 1405 quod
506 1331 669 1407 aparctias
709 1334 821 1393 austro
861 1328 1041 1409 opponitur,
1086 1344 1220 1407 quocum
1260 1325 1380 1390 boreas

198 1437 296 1519 vulgo
321 1439 471 1522 coniungi
495 1438 591 1521 solet3
621 1439 660 1504 de
687 1459 749 1505 uno
778 1445 883 1505 autem
908 1444 1004 1506 vento
1033 1457 1208 1504 sermonem
1237 1454 1309 1502 esse
1338 1455 1381 1501 ex

198 1549 307 1616 verbis
339 1551 544 1632 sequentibus
577 1552 683 1617 elucet
715 1557 863 1632 ἐννννίος
898 1557 934 1620 δὲ
966 1554 1069 1642 τούτῳ
1104 1553 1196 1630 νόνος
1210 1607 1215 1618 .
1228 1547 1381 1615 conferas

198 1660 295 1727 Velim
318 1681 348 1742 p.
373 1663 516 1727 364219
546 1661 630 1744 ὅλως
655 1668 692 1732 δὲ
715 1668 757 1732 ro?
781 1675 844 1753 μὲν
867 1668 984 1753 βόρεια
1009 1666 1134 1732 τούτων
1158 1667 1310 1730 καλεῖται
1335 1664 1380 1729 τοὶ

201 1776 238 1840 δὲ
266 1777 377 1855 νότια·
410 1773 586 1854 positiones
618 1794 693 1841 vero
726 1794 858 1856 prorsus
891 1774 1039 1840 definitas
1072 1792 1143 1839 esse
1170 1773 1270 1838 verba
1297 1772 1381 1837 haec

200 1883 327 1948 docent:
362 1904 392 1965 p.
418 1886 619 1950 3631’29-31
654 1881 746 1968 οὗτος
779 1892 842 1975 yolo
871 1897 1067 1978 (θρασκίας)
1095 1899 1191 1973 μέσος
1218 1885 1381 1973 α’ργέστον

198 2009 256 2064 καὶ
269 2012 452 2087 απαρκσίον
467 2054 472 2065 .
487 2054 492 2065 .
506 2055 511 2066 .
524 1992 617 2080 οὗτος
630 2004 693 2090 μσὲρ
708 2011 835 2089 (μέσης)
848 2013 944 2087 μίσος
960 2012 1089 2067 καικίον
1105 2009 1162 2065 καὶ
1179 1996 1378 2085 α’παρκτίον.

200 2107 276 2186 quin
292 2108 406 2172 boreas
422 2113 454 2173 et
470 2109 633 2189 aparctias
650 2111 860 2194 diiunguntur
875 2131 905 2191 p.
923 2111 1004 2174 3642
1021 2110 1060 2173 13
1080 2116 1200 2199 βορέας
1220 2120 1283 2195 μέν
1306 2105 1328 2174 δ’
1349 2117 1378 2175 τ’

200 2219 390 2305 οἷναρκνίας
414 2223 600 2310 κυριώτατα
625 2226 833 2310 (ντνούμννο)
858 2227 954 2302 atque
976 2222 1091 2287 boreas
1114 2237 1221 2284 mesae
1244 2235 1379 2282 munere

200 2328 349 2412 fungitur
364 2350 394 2411 p.
411 2332 493 2395 864ὧ
510 2335 550 2396 li)
573 2335 591 2400 o‘
608 2337 644 2401 δὲ
661 2348 793 2414 καικίας
810 2337 918 2414 κοινὸς
934 2334 1127 2422 α’πηλιώτσν
1143 2343 1200 2399 καὶ
1216 2338 1343 2419 βορίου.
1354 2331 1378 2414 1)

200 2440 330 2521 Optime
353 2441 488 2522 denique
511 2462 562 2508 res
586 2445 772 2509 illustratur
791 2444 899 2510 verbis
922 2443 998 2521 illis,
1023 2461 1105 2523 quae
1119 2441 1233 2508 Nicias
1258 2439 1377 2525 (Geop.

199 2571 229 2632 p.
246 2553 299 2636 72)
316 2553 466 2633 apposuit
482 2574 521 2619 ex
537 2555 712 2637 Nicephori
723 2556 922 2621 Blemmidae
938 2554 1027 2635 Epit.
1040 2555 1141 2634 Phys.
1155 2573 1179 2618 c.
1198 2555 1247 2631 ll,
1265 2571 1295 2633 p.
1314 2554 1379 2617 134

198 2665 269 2732 α’σό
294 2671 360 2734 τῶν
383 2679 458 2756 περὶ
481 2671 540 2736 τόν
565 2669 685 2760 ἄρκτον
712 2671 827 2738 τόπων
854 2677 973 2758 βορέας
997 2669 1016 2735 o‘
1040 2681 1155 2756 κυρίως
1185 2667 1378 2755 α’παρκτίας

199 2778 371 2864 λεγόμενος
404 2819 447 2826 -
479 2784 604 2866 μεταξύ
640 2795 769 2849 καικίον
805 2793 861 2848 καὶ
897 2781 1083 2869 αἶπαρκνίον
1119 2779 1138 2844 ot
1173 2779 1377 2863 καλούμενος

197 2900 296 2977 μέσης
311 2895 446 2959 ’τοῦτον
466 2894 503 2958 δὲ
519 2895 650 2978 μᾶλλον
672 2901 795 2982 βορέαν
818 2895 887 2959 οἶδε
907 2896 1021 2960 καλεῖν
1036 2892 1056 2980 ἦ
1074 2891 1239 2977 cardona
1256 2895 1378 2967 'atque

200 2999 301 3064 omnis
340 2999 500 3065 dubitatio
540 3001 668 3067 tollitur
706 3004 747 3069 ab
785 3002 974 3068 Alexandro
1013 2996 1277 3080 Aphrodisiensi,
1323 2996 1375 3080 qui

198 3111 522 3192 bleteorologicorum
551 3114 655 3178 locum
682 3119 834 3179 vexatum
861 3113 911 3179 bis
939 3111 1047 3178 verbis
1075 3109 1216 3191 explicat
1243 3110 1370 3190 (Ideler,

197 3222 453 3305 nleteorologiea
479 3225 600 3288 1834]
628 3245 657 3306 p.
682 3228 770 3310 ros),
799 3230 907 3295 οοαο
935 3229 970 3293 α
996 3229 1053 3293 εον
1075 3234 1138 3311 μὲν
1161 3213 1260 3317 aaa,
1292 3223 1372 3313 νοοο

206 3329 219 3359 ἴ
278 3335 287 3358 c
324 3335 340 3359 u
641 3339 649 3360 )
1060 3341 1111 3366 ‚x
1167 3346 1175 3363 a
1248 3343 1264 3359 m
1360 3334 1378 3361 tt

198 3363 239 3421 ην
267 3365 285 3423 η
316 3364 441 3425 αρκνος,
471 3346 593 3427 βορέαν
624 3353 817 3429 απαρκτίαν
846 3340 1020 3426 (τίθησιν).
1054 3366 1111 3404 am
1140 3340 1177 3405 δε
1204 3367 1261 3406 τον
1288 3348 1328 3419 θ,
1358 3364 1374 3405 ν

199 3447 287 3517 ἔστιν
310 3453 463 3518 ἐναντίον
486 3456 532 3542 νηῒ
556 3481 573 3540 η
600 3455 700 3526 (κακοὶ
720 3454 897 3538 διάμετρον
912 3452 991 3538 γάρ)
1016 3462 1076 3515 καί
1091 3452 1159 3516 ἔστι
1173 3459 1375 3542 μεσημβρία,

199 3561 338 3643 verost)
441 3590 444 3601 ¹

305 3776 325 3837 ¹)
345 3773 453 3838 Quibus
473 3792 507 3826 ex
528 3776 596 3828 locis
617 3775 700 3827 simul
714 3783 839 3843 apparet,
859 3782 1032 3844 quantopere
1046 3792 1062 3826 a
1074 3777 1189 3827 veritate
1203 3775 1378 3829 aberraverit

203 3860 311 3911 Gemoll
332 3861 401 3912 haec
420 3862 556 3914 scribens.
589 3861 677 3928 Geop.
699 3879 726 3929 p.
746 3863 791 3913 73:
812 3862 863 3914 Als
883 3879 946 3913 man
966 3862 1019 3913 den
1039 3861 1170 3913 zwdlften
1190 3860 1272 3913 Wind
1292 3862 1379 3914 schul

200 3946 287 3997 durch
298 3946 492 4015 Abzvreigung
507 3964 557 3998 aus
569 3948 631 3998 dem
645 3948 758 4009 boreas,
776 3948 811 3999 da
826 3956 932 4000 mussle
947 3965 977 3999 er
990 3948 1063 4000 links
1080 3964 1143 3999 vom
1160 3947 1265 3999 Boreas
1282 3947 1374 4015 liegen

200 4033 254 4084 und
270 4033 322 4083 ‹len
337 4033 419 4099 lting,
434 4033 545 4086 dormit
558 4033 620 4085 dem
633 4034 740 4086 Boreas
754 4033 879 4103 beginnt,
899 4034 1063 4086 schliessen.
1094 4037 1128 4085 el.
1145 4033 1287 4085 Meteorol.
1309 4033 1335 4083 ll
1347 4034 1373 4086 6.

199 4137 225 4185 p.
254 4121 315 4170 364³
333 4119 358 4170 6'
375 4126 486 4182 πλείους
514 4119 619 4193 ἄνεμοι
647 4119 701 4178 dno*
729 4129 787 4177 ταῖν
814 4120 886 4196 σρός
913 4121 1022 4194 ἄρκτον
1054 4119 1149 4199 τόκων
1176 4144 1190 4186 η
1218 4127 1276 4175 τῶν
1302 4118 1375 4193 πρδς

199 4215 389 4281 μεσημβρίαν.

301 4295 324 4356 ²)
344 4292 414 4343 Plin.
440 4298 494 4343 nat.
522 4291 586 4344 bist.
606 4293 697 4344 XVlll
716 4295 728 4355 ἒ
747 4294 806 4359 333,
832 4293 883 4344 334
907 4308 1000 4344 mesae
1025 4292 1087 4345 loco
1111 4292 1269 4359 aquilonem
1293 4295 1375 4362 ponit

199 4379 324 4442 „lior-ean
347 4378 460 4431 Graecis
481 4378 619 4440 diruun‘,
640 4377 800 4431 Aristotelis
821 4380 1015 4432 auctoritatem
1033 4376 1198 4446 respiciens.
