2948 5160
604 574 824 637 ..29-

129 772 235 833 opera,
259 750 453 818 Aristotelis
468 751 733 834 Meteorologica.
768 751 824 817 Ad
840 752 1029 831 Hesiodum,
1054 756 1150 833 caput
1169 756 1203 816 et
1217 751 1303 832 prin·

128 862 229 946 cipem
253 869 422 946 poetarum
449 864 596 943 omnium,
626 864 680 943 qui
707 863 820 929 utilem
847 864 1014 932 scientiam
1041 867 1188 933 versibus
1212 883 1302 928 orna-

126 980 255 1054 verunt,
284 977 425 1042 Aratum
452 975 640 1056 respexisse,
674 994 731 1055 per
758 994 793 1040 se
815 976 990 1043 verisimile
1018 985 1077 1057 est,
1106 979 1154 1043 ita
1182 981 1217 1042 nt
1244 975 1301 1041 vix

128 1107 208 1169 opus
241 1088 286 1153 sit
308 1087 447 1154 vitarum
479 1086 672 1167 scriptorum
699 1086 906 1168 testimonib,
920 1093 941 1173 1)
971 1091 1027 1155 sed
1054 1090 1200 1171 quamvis
1229 1105 1300 1168 cog·

128 1204 208 1264 nata
232 1199 275 1264 sit
290 1199 424 1265 Hesiodi
444 1198 551 1279 poesis
567 1199 721 1278 Arateae,
747 1199 892 1278 quamvis
916 1201 1018 1266 multa
1037 1202 1071 1266 in
1087 1200 1227 1267 carmine
1242 1199 1299 1263 illo

122 1309 220 1402 Ἔργα
238 1324 293 1380 καὶ
310 1313 450 1399 Ἡμέραι
474 1309 629 1391 inscripto
653 1310 691 1374 de
715 1315 941 1390 tempestatum
959 1313 1083 1378 vicibus
1099 1310 1300 1394 praescripta

129 1421 202 1500 sint,
211 1425 237 1504 ²)
264 1421 389 1486 Aratus
421 1427 594 1503 praecepta
625 1422 782 1487 tradenda
812 1441 926 1503 resque
958 1424 1046 1504 ipsam
1079 1444 1119 1489 ex
1150 1443 1213 1489 uno
1241 1422 1298 1486 illo

129 1532 208 1597 libro
236 1532 401 1614 deperdito
425 1534 592 1614 prompsit,
626 1551 705 1612 quas
733 1552 809 1598 vero
838 1534 895 1598 alii
926 1537 1133 1615 praebebant,
1167 1553 1299 1615 prorsus

125 1645 277 1726 neglexit.
334 1645 420 1710 Nam
452 1645 482 1709 si
507 1644 717 1724 Hipparchus
750 1645 976 1712 celeberrimus
1008 1647 1063 1712 ille
1096 1653 1298 1712 astronomus

123 1754 227 1820 tribus
254 1755 348 1822 libris
376 1775 435 1821 nos
463 1756 555 1821 docet
578 1758 718 1821 Aratum
742 1758 794 1822 vel
822 1757 855 1821 in
879 1758 1041 1823 erroribus
1069 1777 1138 1824 cum
1164 1757 1299 1822 Eudoxo

122 1867 318 1947 conspirare,
352 1867 380 1933 si
408 1867 595 1933 avitarum
629 1867 839 1949 scriptoribus
866 1868 977 1934 futiles
1005 1870 1135 1934 fabulae
1162 1871 1201 1934 de
1228 1874 1299 1933 arte

121 1985 309 2058 narrantur,
333 1999 397 2060 qua
413 1979 540 2044 Aratus
556 1998 608 2044 res
624 1980 685 2044 sibi
701 1998 833 2059 prorsus
849 1981 972 2045 alienas
989 1982 1136 2047 versibus
1156 1981 1299 2045 illustra-

123 2090 220 2169 verit,
247 2092 308 2156 hoc
331 2096 417 2156 oerte
440 2091 599 2158 evincitur
623 2093 763 2156 Aratum
786 2112 850 2156 nou
874 2093 906 2156 id
929 2093 1099 2170 studuisse,
1128 2100 1165 2158 nt
1187 2091 1298 2156 multis

126 2201 256 2282 scriptis
279 2202 430 2283 perlectis
458 2207 490 2268 61
514 2203 708 2283 comparatis
736 2204 913 2269 doctrinam
942 2205 1129 2269 tradendam
1153 2210 1298 2286 augeret,

128 2313 183 2376 sed
215 2313 398 2395 plerumque
428 2314 463 2379 in
495 2316 588 2380 unius
622 2314 703 2380 libro
736 2316 846 2380 nixum
879 2334 930 2379 res
959 2317 1000 2380 ab
1028 2316 1085 2379 illo
1118 2314 1297 2396 explicatas

127 2425 249 2503 poetico
277 2444 420 2491 sermone
449 2445 589 2505 ornasse,
623 2427 656 2490 id
688 2428 772 2507 quod
799 2427 905 2507 ipsum
933 2428 1120 2508 Antigonus
1150 2427 1298 2492 Gonatas

126 2533 256 2601 iussisse
282 2537 395 2602 fertur.
444 2536 517 2621 Qua
544 2539 670 2603 ratione
694 2539 815 2610 factum
839 2545 898 2616 est,
928 2546 964 2603 nt
987 2557 1177 2619 quamquam
1201 2537 1299 2602 certis

124 2649 270 2714 versibus
298 2649 424 2714 Aratus
452 2653 581 2715 tenetur
608 2649 744 2715 Hesiodi
774 2649 882 2730 Opera
909 2656 942 2714 et
969 2651 1050 2714 Dies
1082 2658 1157 2714 ante
1190 2649 1299 2713 oculos

122 2761 292 2840 habuisse,
311 2767 419 2826 tamen
442 2763 599 2841 cuculum,
627 2781 718 2843 quem
743 2762 811 2827 iere
838 2780 934 2827 unum
957 2761 1138 2842 pluviarum
1163 2761 1298 2825 indicem

122 2873 285 2938 Hesiodus
305 2872 471 2954 praedicat
492 2879 534 2956 (v.
555 2875 643 2958 486),
668 2873 869 2939 hirundinem
884 2874 970 2939 veris
990 2873 1145 2951 nuntiam,
1171 2873 1298 2937 cicadas

124 2987 164 3050 ab
180 2985 324 3050 Hesiodo
340 2991 382 3067 (v.
401 2986 465 3049 568
482 2994 515 3050 et
531 2988 567 3050 br
577 2988 609 3069 2)
626 3005 689 3051 non
704 2985 816 3066 paucis
831 2985 939 3051 verbis
955 2986 1116 3064 laudatas
1135 2984 1298 3050 omitteret

127 3097 259 3162 Aratus.
310 3098 422 3177 Atque
454 3104 581 3178 poetam
615 3097 740 3162 omnino
774 3116 837 3161 non
865 3097 970 3161 omnia
999 3096 1093 3178 signa
1126 3115 1299 3178 congerere

125 3319 219 3385 etiam
247 3339 287 3385 ex
315 3320 546 3401 Aristophanis
575 3320 702 3385 Avibus
730 3327 874 3401 apparet,
908 3319 963 3384 ubi
995 3320 1027 3383 in
1060 3320 1212 3400 parabasi
1239 3319 1298 3383 illa

124 3431 303 3497 clarissima
332 3438 462 3513 praeter
485 3452 582 3515 grues
605 3431 818 3496 mutationum
846 3431 952 3496 nuntii
974 3431 1065 3496 milvi
1094 3440 1136 3513 (v.
1163 3434 1238 3515 vlu>
1266 3437 1299 3495 et

122 3543 308 3608 hirundines
341 3551 383 3627 (v.
410 3545 486 3628 714)
515 3550 811 3621 commemorantur,
845 3549 957 3623 postea
990 3550 1097 3607 autem
1126 3550 1168 3624 (v.
1205 3544 1298 3626 lolli)

122 3655 290 3721 aloedonia
313 3657 497 3733 laudantur,
522 3675 656 3737 quorum
679 3656 805 3719 Aratus
828 3654 1021 3719 mentionem
1044 3675 1107 3719 non
1131 3654 1220 3720 iacit.

231 3767 325 3850 Quod
356 3787 432 3833 vero
465 3768 584 3832 attinet
617 3767 657 3832 ad
689 3766 881 3831 Aristotelis
914 3765 1178 3848 Meteorologica
1216 3784 1298 3846 quae

121 3879 269 3944 Idelerns
293 3880 473 3963 (Meteorol.
500 3879 600 3961 praef.
617 3900 647 3960 p.
666 3879 749 3962 VII)
773 3877 910 3953 disserte
933 3878 1075 3943 affirmat
1098 3880 1240 3943 Aratum
1262 3879 1296 3942 in

122 4009 214 4055 usum
238 4010 329 4056 suum
352 3992 498 4070 vertisse,
529 3997 561 4056 et
588 3991 754 4072 paucitate
781 3990 984 4071 tempestatis
1013 3989 1176 4071 signorum
1200 3989 1297 4055 facile

228 4262 247 4324 1)
268 4260 476 4313 Westermann:
502 4261 592 4327 biogr.
619 4277 661 4329 gr.
682 4279 709 4327 p.
728 4261 769 4314 54.
811 4261 887 4312 Vitae
913 4261 1020 4327 primae
1044 4277 1070 4311 v.
1092 4260 1125 4311 77
1142 4267 1250 4331 γέγονε
1272 4259 1297 4316 d⁹

123 4344 139 4401 o‘
157 4345 281 4421 Ἄρατος
302 4346 420 4413 ζηλωτής
437 4346 586 4414 Ἡσιόδου,
608 4347 643 4409 αἶς
662 4352 710 4402 καὶ
724 4354 905 4423 Καλλίμαχος
917 4344 1136 4420 παρεσημήνατο
1151 4353 1233 4401 τοῦτο
1250 4345 1298 4401 dul

121 4440 173 4490 τοῦ
191 4440 232 4496 εἷς
251 4433 339 4490 αὐτόν
359 4432 578 4508 ἐπιγράμματος
598 4433 685 4496 οὕτως
701 4450 706 4462 ·
721 4433 879 4502 ,ξΗσιόδοα
904 4431 966 4488 ro'd'
991 4433 1097 4506 ἄεισμα
1122 4438 1181 4488 κτλ.
1217 4433 1296 4485 Vitae

122 4520 261 4572 secundae
280 4538 306 4572 v.
329 4520 416 4585 18-28,
437 4527 551 4588 quartae
569 4539 595 4573 v.
616 4520 657 4572 28.

224 4618 247 4678 ²)
267 4615 301 4667 de
320 4615 419 4667 ceteris
439 4615 622 4682 carminibus,
647 4632 719 4683 quae
738 4615 856 4668 Hesiodi
879 4631 943 4669 esse
968 4616 1076 4689 antiqui
1100 4614 1298 4687 opinabantur,

120 4717 173 4775 per
189 4703 270 4774 ipsos
289 4702 386 4754 titulos
406 4703 530 4766 cogitare
548 4718 605 4759 nou
625 4702 698 4761 lieet.
