2948 5160
662 581 861 644 -7-

173 777 304 861 egregie
326 777 366 842 de
388 775 581 843 Aristotelis
604 777 754 860 operibus
776 775 900 855 merito,
929 775 1110 842 consentire
1132 793 1264 856 nequeo,
1293 774 1348 856 qui

173 890 288 974 (Arist.
306 889 417 969 pseud.
433 907 464 969 p.
481 888 559 974 245)
582 889 733 971 scriptori
753 891 869 970 probro
893 887 990 968 dedit,
1015 887 1098 969 quod
1119 907 1235 979 σημεῖα
1260 886 1348 958 ὅλων

172 1031 207 1071 τε
234 1008 301 1072 τῶν
328 1005 490 1073 ἐνιαυτῶν
518 1008 669 1073 καὶτῶν
695 1000 928 1094 μορίων11111111
959 999 1193 1064 immiscuisset.
1245 999 1347 1064 Immo

174 1113 428 1178 desideraremus
450 1111 532 1178 talia
557 1113 661 1196 signa,
694 1113 722 1178 si
754 1132 818 1178 non
850 1117 1009 1178 extarent.
1060 1111 1133 1175 Hoc
1160 1114 1287 1175 tantum
1314 1108 1347 1175 in

175 1225 406 1290 dubitationem
421 1223 532 1290 vocari
547 1230 665 1305 potest,
682 1230 791 1291 utrum
807 1225 899 1291 nobis
915 1223 1059 1289 libellum
1075 1220 1348 1303 perlustrantibus

177 1335 318 1402 sufficiat
334 1336 425 1417 copia
440 1336 569 1401 illorum
586 1337 802 1418 exemplorum
825 1356 867 1402 en
890 1334 1056 1418 paucitate
1075 1352 1183 1399 eorum
1199 1331 1348 1398 commoti
1447 1372 1451 1381 ·

174 1448 323 1514 damnum
345 1447 504 1529 quoddam
527 1453 625 1529 atque
651 1448 809 1514 iacturam
837 1452 981 1513 statuere
1007 1446 1187 1511 debeamus.
1236 1445 1348 1524 Atque

174 1559 201 1623 si
225 1559 351 1625 omnino
374 1559 408 1624 in
431 1564 499 1624 tam
522 1559 597 1625 laxe
620 1566 654 1626 et
676 1560 887 1644 neglegenter
910 1557 1030 1639 scripto
1058 1556 1168 1622 libello
1192 1536 1347 1620 eiusmodi

173 1671 317 1751 quaestio
347 1671 388 1736 ad
416 1675 539 1736 eertum
565 1671 660 1737 finem
687 1671 818 1753 perduci
849 1675 966 1752 potest,
1000 1667 1187 1752 negaverim
1218 1685 1347 1732 causam

173 1801 252 1861 esse,
286 1801 343 1847 cur
375 1782 592 1865 fragmentum
624 1784 715 1850 modo
748 1782 852 1849 libelli
882 1781 974 1848 nobis
1001 1780 1150 1846 relictum
1177 1797 1248 1845 esse
1279 1796 1349 1843 cen·

173 1912 309 1959 seamus.
366 1894 452 1959 Nam
487 1894 589 1960 multo
626 1895 721 1976 plura
753 1894 901 1975 exempla
936 1892 1087 1974 scriptori
1121 1911 1184 1957 non
1218 1894 1348 1972 praesto

173 2006 283 2084 fuisse,
300 2005 375 2070 inde
390 2004 468 2070 milri
482 2025 640 2088 apparere
651 2006 789 2086 videtur,
806 2006 890 2087 quod
905 2004 1062 2086 plurimae
1078 2001 1155 2068 anni
1170 2009 1348 2084 temporum

174 2117 375 2182 colidicioues
406 2117 569 2183 nonnullis
606 2119 740 2184 mutatis
776 2118 826 2184 bis
858 2116 1074 2199 proteruntur.
1132 2114 1349 2181 Concessuros

175 2226 277 2309 igitur
304 2227 391 2294 viros
419 2229 530 2296 doctos
558 2248 666 2312 spero,
701 2230 735 2295 in
762 2232 858 2296 rebus
886 2247 966 2309 quas
993 2228 1056 2293 huc
1083 2245 1183 2308 usque
1205 2227 1291 2291 inter
1314 2243 1349 2290 se

175 2340 371 2420 comparavi,
395 2340 585 2422 scriptorem
608 2341 670 2408 sibi
693 2341 887 2408 constitisse.

281 2452 399 2517 Restat
409 2451 537 2518 initium
548 2452 712 2535 prooemii.
749 2453 841 2537 Quae
853 2452 936 2518 enim
952 2452 1106 2535 leguntur
1120 2436 1195 2515 inde
1210 2447 1349 2516 averbis

173 2567 216 2633 τοὶ
225 2573 289 2652 μὲν
299 2559 359 2635 οὖν
368 2568 424 2634 ἐπὶ
434 2582 500 2646 τοῖς
511 2563 746 2658 damusque
755 2565 796 2631 ad
806 2565 976 2630 secundam
987 2562 1159 2629 sectionem
1169 2563 1348 2639 exeuntem,

173 2675 229 2741 vix
250 2674 321 2754 erit,
346 2674 424 2757 quin
447 2675 568 2742 referat
583 2677 624 2742 ad
640 2681 881 2760 parapegmata,
904 2694 1037 2757 quorum
1058 2672 1235 2754 compluria
1250 2670 1350 2736 etiam

172 2787 265 2853 hodie
281 2792 440 2873 extant.¹)
473 2788 520 2854 Ut
542 2794 650 2854 autem
672 2787 707 2854 in
730 2789 846 2854 ceteris
862 2787 1016 2870 prooemii
1038 2785 1186 2867 partibus
1206 2781 1350 2850 breviter

171 2898 407 2965 adumbrantur
422 2918 629 2982 quaecunque
652 2901 694 2966 ad
716 2905 838 2966 rectum
855 2899 1020 2983 signorum
1036 2917 1128 2963 usum
1144 2895 1279 2974 iaciunt,
1302 2895 1350 2959 ita

172 3011 314 3076 hocloco
327 3030 366 3076 ea
376 3016 590 3093 exponuntur,
603 3031 685 3093 quae
697 3032 761 3078 non
772 3011 939 3079 intellecta
951 3029 1074 3077 omnem
1084 3013 1350 3090 parapegmatum

174 3119 312 3187 fructum
337 3122 464 3190 irritum
488 3124 635 3204 reddant,
664 3124 793 3192 diversa
817 3129 944 3189 ortuum
971 3128 1004 3187 et
1028 3138 1196 3187 occasuum
1220 3137 1347 3202 genera.

174 3233 286 3314 Neque
302 3233 473 3315 quidquam
490 3235 627 3317 amplius
643 3239 685 3303 ab
701 3234 894 3302 astronomis
910 3233 1046 3316 petitum
1071 3232 1141 3299 veri
1159 3229 1244 3297 enim
1259 3234 1350 3295 ortus

173 3349 207 3409 et
220 3363 351 3410 occasus
363 3365 495 3427 prorsus
508 3347 711 3428 omittuntur,
729 3367 800 3414 cum
816 3346 1047 3428 apparentibus
1059 3343 1130 3409 unis
1147 3341 1350 3409 contineatur

171 3464 436 3540 parapegmatum
454 3457 610 3524 doctrina.
645 3459 766 3525 Tamen
792 3456 1034 3541 parapegmatis
1055 3474 1096 3521 ne
1112 3455 1208 3520 litera
1223 3451 1350 3534 quidem

172 3574 273 3648 extat,
299 3588 490 3650 quamquam
514 3572 552 3636 ea
568 3570 694 3638 ratione
710 3577 798 3637 totus
814 3570 945 3636 libellus
961 3568 1100 3649 scriptus
1121 3572 1181 3645 est,
1205 3571 1242 3632 ut
1257 3564 1350 3646 quasi

173 3681 324 3762 suppleat
355 3687 621 3766 parapegmatum
653 3702 753 3750 usum.
799 3683 873 3767 Qua
899 3682 939 3748 de
962 3699 1060 3747 causa
1082 3677 1257 3746 verisimile
1280 3695 1351 3743 esse

172 3796 262 3873 puto,
286 3797 397 3859 nostro
420 3807 497 3886 περὶ
521 3810 662 3886 σημείων
689 3794 799 3860 libello
823 3799 881 3860 aut
903 3793 1081 3876 praefixum
1107 3795 1165 3856 aut
1191 3807 1350 3855 annexum

173 3903 274 3970 fuisse
297 3923 494 3990 parapegma
516 3905 673 3989 quoddam
680 3931 686 3988 ;
712 3907 796 3986 quod
818 3905 847 3972 si
870 3906 921 3972 cui
944 3925 1008 3975 non
1027 3905 1183 3986 probatur
1198 3900 1261 3966 nisi
1281 3901 1350 3966 eius

174 4015 324 4099 vestigiis
347 4016 381 4082 in
403 4017 496 4084 initio
520 4023 578 4085 aut
600 4019 663 4085 fine
686 4018 789 4085 libelli
812 4017 973 4097 indicatis,
1001 4015 1105 4099 magis
1134 4013 1213 4079 mihi
1235 4011 1349 4079 ultimo

174 4125 242 4192 loeo
275 4128 419 4209 placeret
451 4130 668 4197 calendarium
700 4130 791 4210 illud,
825 4130 941 4212 quippe
973 4129 1057 4212 quod
1088 4147 1108 4192 a
1140 4125 1204 4191 tine
1230 4123 1348 4190 libelli:

173 4242 230 4307 int
263 4244 301 4309 δὲ
332 4260 397 4323 τοῖς
430 4243 561 4336 ἄστροις
593 4252 716 4316 εἴωθεν
749 4246 792 4325 ὦς
825 4249 882 4313 ἐπὶ
910 4247 946 4313 τό
976 4245 1060 4313 πολύ
1092 4256 1265 4333 σημαίνειν
1292 4255 1348 4311 καὶ

172 4371 244 4434 ταῖς
268 4363 449 4448 ἰσημερίαις
472 4369 529 4425 καὶ
552 4375 698 4448 τροπαῖς,
723 4357 783 4427 οὐκ
806 4358 859 4426 ἐπ’
885 4357 1003 4436 αὐταῖς
1021 4356 1095 4423 dtl’
1113 4355 1135 4445 ἢ
1152 4358 1215 4447 rapti
1234 4355 1348 4423 αὐτῶν

180 4536 499 4548 ——„

279 4640 299 4705 ¹)
319 4640 355 4694 cf.
369 4640 395 4693 J.
410 4640 551 4695 Laurentii
564 4642 637 4711 Lydi
653 4643 724 4695 liber
738 4643 771 4695 dc
785 4642 903 4695 ostentis
917 4648 944 4692 et
957 4640 1116 4692 calendaria
1129 4641 1225 4693 omnia
1237 4654 1347 4708 graeca,

174 4724 219 4778 ed.
241 4723 272 4779 C.
292 4726 487 4794 Wachsmuth,
507 4729 573 4782 1863
591 4729 657 4799 Lps.
678 4735 706 4782 et
724 4727 837 4798 Corpus
855 4725 986 4797 Inscript.
1007 4725 1067 4781 Lat.
1088 4725 1110 4779 1.
1130 4743 1156 4794 p.
1176 4725 1237 4779 335.
