2948 5160
622 224 844 286 ,68-

146 424 222 483 ante
245 422 278 483 61
301 424 373 498 post
396 418 594 484 novilunium
619 417 727 497 quarti
750 421 847 497 atque
875 415 991 494 octavi,
1025 414 1073 481 ita
1101 421 1138 481 ut
1165 434 1224 481 sex
1247 419 1325 480 tem-

38 536 42 541 ’
146 529 233 609 poris
256 528 387 595 articuli
410 530 560 607 evadant,
589 529 650 593 duo
678 529 899 593 desiderentur
925 527 1011 593 inter
1038 532 1172 593 octavos
1199 525 1269 591 dies
1292 531 1325 591 et

148 639 359 720 plenilunium
383 639 553 704 inserendi.
593 639 692 706 Cuius
716 640 762 704 rei
786 639 895 704 eadem
916 640 1006 704 valet
1028 637 1204 717 excusatio,
1229 656 1325 719 quam

148 770 246 831 supra
269 770 309 815 ex
325 751 453 815 Eudoxi
476 751 637 816 sententia
659 751 860 832 protulimus.
903 749 968 817 Vix
985 749 1067 815 enim
1091 748 1212 814 eratin
1228 748 1326 813 lunae

148 863 254 944 figura
263 861 412 929 variante
422 867 542 927 certum
552 869 754 941 momentum,
767 881 900 942 quocum
912 861 945 925 ni
955 860 1024 925 dies
1035 860 1309 943 coniungerentur
1316 883 1323 939 ;

149 993 205 1038 sex
229 980 354 1038 tantum
370 978 514 1053 tempora
530 974 701 1039 secundum
718 973 813 1037 lunae
828 972 915 1039 vices
931 977 1018 1038 oerto
1035 970 1161 1037 definiri
1177 976 1324 1052 possunt,

150 1083 358 1162 novilunium,
382 1091 516 1164 quartus
537 1085 613 1163 dice,
637 1104 698 1166 quo
719 1084 855 1165 primum
879 1083 949 1149 falx
969 1085 1065 1148 lunae
1084 1088 1231 1165 apparet,
1257 1083 1326 1147 dies
1400 1106 1403 1115 ·

152 1201 295 1274 octavus
329 1215 390 1276 quo
423 1202 511 1260 recta
544 1197 629 1261 linea
656 1197 733 1260 luna
761 1196 948 1274 dissecatur,
983 1194 1194 1276 plenilunium
1227 1199 1327 1275 atque

152 1307 263 1371 ordine
293 1307 327 1371 in
360 1309 436 1372 luna
463 1306 682 1373 descrescente
708 1307 836 1373 inverso
864 1313 998 1372 octavus
1026 1312 1059 1371 61
1086 1312 1221 1386 quartus
1250 1310 1327 1371 ante

150 1418 349 1483 novilunium
377 1418 454 1482 dies.
501 1420 590 1484 Bene
618 1419 719 1502 igitur
746 1417 807 1482 sibi
836 1417 982 1482 constitit
1009 1417 1148 1497 scriptor
1174 1435 1238 1481 non
1264 1415 1327 1481 nisi

152 1529 360 1610 apparentiis
385 1550 467 1610 quae
490 1529 643 1595 facillime
666 1530 767 1594 oculis
783 1529 1012 1610 percipiuntur,
1037 1529 1155 1593 mensis
1177 1533 1329 1608 tempora

150 1640 353 1706 intercidens.
390 1642 565 1709 Videamus
581 1661 664 1706 nunc
676 1641 830 1721 quomodo
847 1641 905 1706 alii
920 1642 1016 1705 lunae
1032 1658 1158 1705 cursum
1174 1640 1327 1705 observa

150 1752 266 1819 verint.
313 1755 423 1834 Atque
446 1755 552 1818 Arato
580 1764 712 1833 excepto
740 1772 895 1832 nusquam
922 1752 1026 1817 locum
1054 1750 1241 1832 reperimus,
1274 1750 1328 1832 qui

151 1866 386 1945 Excerptorum
419 1864 584 1930 doctrinae
616 1870 703 1929 totus
731 1865 931 1945 respondeat.
979 1863 1135 1930 Similiter
1161 1863 1201 1927 de
1228 1862 1328 1927 lunae

152 1977 350 2057 apparentiis
378 1976 557 2057 disputavit
581 1976 778 2041 Aristoteles
806 1991 880 2069 περὶ
905 1979 999 2057 ζώων
1021 1989 1175 2061 γενέσεως
1203 1974 1259 2040 IV
1288 1978 1327 2039 10

150 2109 180 2168 p.
207 2089 286 2152 7th
302 2092 343 2152 22
368 2098 433 2157 εἰσί
454 2093 489 2157 δὲ
514 2093 660 2178 περίοδοι
677 2091 812 2178 σελήνης
828 2093 1035 2177 πανσέληνσί
1054 2117 1088 2156 τε
1111 2099 1168 2155 καῖ
1189 2096 1326 2174 φθίσεις

149 2214 206 2268 καὶ
230 2206 297 2270 τῶν
319 2203 445 2289 μεταξύ
468 2203 597 2291 χρόνων
620 2209 656 2268 αἱ
678 2205 863 2287 διχοτομία(
882 2222 887 2233 ·
905 2204 991 2268 κατά
1016 2204 1080 2290 γάρ
1104 2200 1229 2277 ταύτας
1252 2222 1327 2287 συμ-

149 2316 269 2394 βάλλει
309 2316 391 2403 mode
425 2316 484 2382 cdv
518 2312 612 2403 ἥλιον
640 2334 645 2346 ’
672 2314 691 2380 o<
725 2317 789 2404 γάρ
821 2326 892 2400 μεὶς
924 2316 1015 2403 κοινή
1049 2311 1202 2401 π1ρίοόός
1235 2313 1327 2380 ἔστιν

150 2425 344 2513 demotionis·
373 2445 378 2456 '
404 2427 472 2493 ἔστι
501 2429 536 2493 δὲ
565 2426 585 2513 ἡ
614 2427 731 2513 σελήνη
756 2425 840 2515 άρχή
867 2427 924 2493 διά
949 2427 1010 2514 τήν
1033 2425 1115 2514 apic
1143 2424 1203 2490 τόν
1230 2418 1328 2510 ἥλιον

150 2551 327 2606 κοινωνίαν
347 2549 404 2604 καὶ
419 2540 479 2625 τήν
502 2538 694 2627 μετάληψιν
709 2540 770 2626 τήν
786 2542 844 2606 τοῦ
860 2540 977 2625 φωτός,
994 2550 1120 2622 γίνεται
1136 2535 1201 2623 γάρ
1218 2530 1328 2624 ὥςπερ

150 2647 250 2729 άλλσς
273 2647 364 2738 ἣλιος
387 2650 538 2717 ἐλάσσων
556 2668 562 2680 ·
580 2651 632 2715 dio*
658 2650 885 2735 συμβάλλεται
909 2657 954 2728 εἰς
979 2650 1092 2728 πάσας
1108 2648 1169 2727 τάς
1184 2659 1329 2730 γενέσεις

151 2773 208 2828 καὶ
221 2763 410 2838 τάειιόσιις.
439 2759 502 2824 Sed
514 2764 667 2839 quattuor
678 2759 860 2825 intervallis
873 2764 1042 2824 contentus
1054 2763 1104 2823 est
1117 2757 1327 2824 Aristoteles.

151 2871 203 2935 Ac
235 2890 275 2934 ne
307 2871 365 2935 hos
398 2870 523 2950 quidem
556 2875 709 2950 quattuor
743 2870 897 2936 articulos
932 2871 1111 2951 antiquitus
1145 2872 1328 2953 respexisse

153 2981 329 3063 agricolam
342 2982 449 3049 Varro
466 2987 499 3046 61
514 2980 641 3046 Plinius
658 2982 780 3061 docent,
798 2983 852 3062 qui
868 3001 999 3047 munera
1015 2983 1138 3049 rustica
1154 2984 1326 3051 secundum

151 3093 259 3157 lunam
292 3100 517 3174 augescentem
554 3094 832 3174 tabescentemque
867 3094 1071 3175 disponentes
1106 3095 1320 3162 Democritum

151 3204 296 3284 inprimis
329 3205 432 3270 secuti
464 3224 534 3269 esse
568 3204 727 3270 videntur.
775 3204 902 3270 Plinius
935 3206 1019 3270 enim
1046 3212 1220 3287 antequam
1250 3224 1324 3289 quae

151 3315 264 3380 melius
282 3323 454 3395 crescente,
480 3335 561 3397 quae
584 3316 786 3382 innocentius
810 3317 1011 3383 descissente
1027 3319 1104 3383 luna
1126 3317 1253 3399 fierent,
1280 3336 1330 3385 ex·

152 3427 298 3508 plicaret,
336 3428 414 3492 haec
446 3427 622 3508 praemisit.
651 3434 716 3493 nat.
745 3428 822 3493 hist.
850 3430 980 3498 XVHI
1012 3437 1032 3514 ξ
1060 3431 1134 3495 321.
1171 3449 1332 3512 „namque

152 3538 320 3621 Vergilius
344 3540 442 3605 etiam
466 3539 669 3605 innumeros
697 3541 794 3606 lunae
822 3541 996 3623 digerenda
1019 3542 1174 3622 quaedam
1197 3543 1331 3623 putavit

152 3651 330 3716 Democriti
354 3657 482 3717 secutus
506 3651 787 3718 ostentationem.“
835 3655 946 3734 Atque
969 3654 1076 3721 Varro
1104 3653 1137 3717 in
1164 3653 1330 3733 prooemio

153 3760 315 3841 professus
348 3782 382 3828 se
410 3763 631 3828 Democritum
664 3782 759 3844 saepe
791 3770 934 3830 secutum
967 3783 1038 3829 esse
1069 3770 1182 3845 postea
1214 3765 1267 3848 (de
1295 3784 1331 3829 re

153 3878 232 3938 rust.
258 3875 277 3939 I
306 3895 331 3939 o.
361 3877 416 3959 37)
449 3875 557 3939 eadem
590 3874 717 3939 ratione
748 3895 811 3956 qua
843 3875 970 3941 Plinius
1002 3876 1041 3940 de
1072 3876 1150 3939 luna
1181 3874 1331 3956 disputat

155 3984 242 4063 „dies
275 3987 404 4051 lunares
437 4005 561 4067 quoque
593 3987 793 4066 observandi,
831 3987 885 4067 qui
917 3987 1145 4066 quodammodo
1178 3985 1330 4067 bipartiti

153 4097 205 4181 (cf.
231 4102 439 4186 ὁιχοιομιῖν),
472 4099 555 4179 quod
587 4117 671 4164 nova
703 4099 783 4163 luna
814 4097 930 4163 crescit
962 4099 1002 4163 ad
1030 4099 1157 4179 plenam
1190 4104 1223 4162 et
1255 4098 1331 4163 inde

153 4228 265 4275 rursus
289 4209 330 4273 ad
353 4228 467 4274 novam
491 4210 631 4275 lunam.“
669 4209 794 4293 Quibus
818 4209 897 4274 locis
921 4209 1114 4292 comparatis
1134 4217 1272 4290 apparet
1287 4210 1329 4274 ad

152 4327 380 4402 tempestatum
403 4322 597 4387 mutationes
613 4321 830 4387 observandas
846 4322 1074 4403 quodammodo
1092 4321 1241 4389 inventos
1257 4340 1328 4399 esse
