2948 5160
621 596 843 662 ..17-

144 792 292 875 partibus
319 810 337 858 e
363 796 461 859 vasta
492 791 656 874 signorum
689 790 828 859 colluvie
859 810 957 874 aegre
987 797 1114 859 tantum
1144 791 1317 877 colligendi

143 904 302 971 rationem
325 922 438 969 eruere
464 901 633 985 possimne,
661 903 695 968 in
717 902 768 968 his
791 903 904 969 alteris
927 902 1122 970 sectionibus
1144 904 1184 970 de
1201 905 1317 970 ordine

143 1020 177 1081 et
201 1016 255 1082 via
270 1014 406 1097 primum
420 1014 560 1082 intuenti
580 1014 647 1080 fere
662 1015 895 1096 desperandum
911 1033 990 1095 esse,
1015 1014 1176 1081 sordidam
1190 1020 1317 1081 tantum
1357 1006 1360 1013 ’

144 1126 364 1193 confusionem
386 1126 536 1208 conqueri
552 1126 659 1192 licere.
695 1127 759 1194 Sed
777 1133 886 1192 tamen
906 1126 1045 1192 fortasse
1067 1127 1144 1192 moli
1166 1129 1318 1193 turbatae

147 1238 315 1304 consilinm
347 1238 502 1319 quoddam
533 1238 692 1306 vindicari
724 1243 841 1320 potest.
897 1238 951 1303 Ex
987 1237 1067 1304 locis
1103 1238 1187 1304 enim
1220 1257 1318 1320 snpra

148 1349 318 1432 congestio,
341 1348 396 1415 ubi
417 1349 482 1415 iam
504 1351 564 1416 bas
579 1350 775 1432 posteriores
790 1354 900 1431 partes
919 1349 1127 1431 respeximus,
1150 1351 1255 1416 elucet
1278 1370 1319 1416 ex

149 1460 246 1526 simili
275 1460 382 1543 aliquo
414 1461 497 1528 libro
529 1462 627 1528 etiam
658 1463 718 1527 has
749 1462 872 1527 alteras
899 1466 1009 1542 partes
1037 1466 1205 1544 excerptas
1237 1480 1316 1543 esse,

147 1571 294 1653 primitus
316 1573 461 1641 diversos
484 1573 616 1641 effectus
639 1592 710 1640 cum
733 1593 797 1639 nna
819 1592 855 1638 re
878 1575 1065 1658 conjunctos
1089 1573 1189 1640 fnisse
1211 1573 1259 1639 ita
1282 1581 1318 1639 nt

88 1687 90 1690 ’
146 1683 240 1749 simul
264 1690 478 1766 exponeretur
500 1705 561 1767 qno
585 1685 677 1751 modo
700 1684 818 1751 affecta
840 1703 905 1750 nna
927 1685 1099 1767 eademqne
1121 1704 1174 1752 res
1193 1691 1317 1765 ventos

145 1796 300 1876 quomodo
324 1797 452 1878 pluvias
475 1798 727 1879 praenuntiaret.
772 1796 878 1864 Simili
900 1802 1008 1863 antem
1032 1795 1157 1862 ratione
1180 1816 1200 1862 a
1223 1796 1319 1862 subli-

144 1907 249 1973 mibus
272 1908 314 1974 ad
335 1914 466 1975 terrena
489 1908 583 1991 signa
605 1909 779 1975 transitum
802 1909 922 1975 factum
939 1927 1009 1974 esse
1024 1909 1184 1990 excerptis
1198 1907 1319 1974 nostris

146 2020 303 2100 probatur
326 2026 358 2105 (ξ
376 2022 516 2100 alr-23,
533 2022 676 2101 31-37,
692 2021 872 2104 lanugines,
888 2021 1019 2086 43-47
1036 2040 1155 2102 vespae
1170 2026 1203 2086 et
1218 2027 1318 2105 aves).

146 2129 237 2214 Quas
259 2136 371 2213 partes
394 2132 561 2214 quominus
584 2133 725 2198 eiusdem
752 2132 858 2214 operis
885 2131 1027 2199 frustula
1054 2132 1144 2199 cuins
1164 2132 1319 2198 secundas

147 2260 216 2308 esse
240 2248 431 2325 statuamus
464 2243 545 2310 nihil
577 2243 645 2309 fere
676 2243 818 2325 impedit,
852 2244 914 2309 nisi
945 2243 1030 2324 quod
1056 2244 1221 2310 immixtae
1244 2249 1320 2310 snnt

149 2355 319 2437 ampliores
342 2355 634 2435 commentationes,
658 2357 773 2437 quibus
795 2355 830 2421 in
849 2355 1010 2437 prioribus
1025 2356 1173 2437 partibus
1188 2373 1320 2437 prorsus

151 2467 306 2533 abstinuit
329 2467 528 2549 compilator.
572 2466 635 2534 Sed
658 2472 785 2534 tantum
808 2470 909 2548 abest,
934 2473 971 2533 nt
993 2469 1123 2534 obstent
1145 2469 1237 2535 nobis
1259 2468 1320 2532 liae

150 2579 439 2659 commentationes
472 2586 510 2645 ut
537 2578 691 2660 optimum
717 2583 941 2662 argumentum
965 2579 1168 2646 coniecturae
1189 2584 1321 2644 nostrae

149 2693 332 2770 praebeant.
380 2691 492 2757 Prima
515 2692 608 2772 enim,
637 2697 658 2775 ς
683 2692 824 2771 22-33,
852 2710 934 2772 quae
957 2696 1007 2757 est
1028 2691 1068 2756 de
1090 2692 1265 2757 tonitribus
1288 2697 1321 2756 et

148 2801 310 2884 fulgetris,
339 2803 522 2870 offensionis
544 2803 626 2870 nihil
648 2805 755 2883 habet,
784 2803 946 2869 artissime
969 2804 1141 2869 cohaerens
1164 2821 1234 2868 cnm
1259 2802 1322 2885 sig·

149 2933 262 2979 norum
285 2915 441 2996 doctrina,
466 2917 572 2982 altera
593 2935 681 2995 vero,
705 2921 725 2999 ξ
748 2916 890 2995 35—3-7,
914 2933 996 2996 qnae
1018 2922 1069 2980 est
1091 2915 1130 2979 de
1152 2919 1321 2981 ventorum
1422 2934 1426 2947 ·

149 3025 316 3108 positione,
341 3028 495 3107 hocloco,
513 3047 584 3094 cnm
600 3028 764 3110 signorum
780 3026 1046 3107 mentioprorsns
1062 3025 1157 3105 absit,
1174 3026 1322 3093 excusari

149 3156 213 3203 non
236 3145 352 3220 potest,
381 3139 444 3205 nisi
471 3145 565 3221 putes
592 3159 663 3205 eam
686 3158 750 3205 nna
768 3119 844 3204 'cnm
871 3138 974 3220 signis
997 3156 1038 3202 ex
1065 3156 1127 3203 nno
1151 3138 1322 3219 eodemque

149 3247 231 3314 libro
255 3249 433 3332 irrepsisse.
469 3251 685 3317 Unde-antem
709 3250 886 3332 irrepserit,
910 3269 963 3315 res
985 3250 1057 3331 ipsa
1080 3249 1181 3315 docet.
1214 3250 1323 3315 Habe

148 3379 219 3427 mns
241 3362 343 3446 igitur
364 3363 481 3428 iterum
505 3363 622 3429 librum
642 3364 681 3428 de
701 3363 808 3429 ventis
828 3361 1056 3443 conscriptum
1081 3380 1174 3442 quem
1189 3361 1321 3427 eundem

149 3491 219 3538 esse
241 3480 338 3556 atqne
361 3475 452 3541 illum
476 3494 568 3556 quem
591 3494 690 3557 snpra
712 3474 873 3542 devertis
896 3479 929 3539 et
944 3472 1064 3555 pluviis
1086 3473 1320 3556 indagavimus

149 3603 220 3651 cnm
251 3605 310 3668 per
332 3606 367 3653 se
389 3586 564 3653 verisimile
596 3587 639 3652 sit
670 3593 739 3652 tum
771 3591 861 3652 certa
887 3585 1014 3651 ratione
1045 3584 1176 3667 probari
1203 3589 1321 3666 potest.

151 3696 338 3781 Quicunque
366 3700 449 3765 enim
477 3698 566 3764 tertii
591 3697 708 3780 capitis
731 3680 940 3779 posteriorem
964 3702 1088 3778 partem
1112 3716 1182 3763 cnm
1206 3702 1321 3778 quarto

150 3810 255 3893 eapite
271 3804 516 3892 comparaverit,
540 3810 597 3878 vix
615 3810 748 3894 negabit
764 3810 859 3892 signa
878 3811 1154 3892 paragraphornm
1170 3809 1213 3874 43
1230 3809 1322 3875 6145

136 3925 258 3989 'eodem
282 3943 322 3989 ex
344 3923 433 3988 fonte
455 3940 604 3988 manasse
619 3930 716 4003 atque
732 3922 826 4005 signa
840 3922 1039 4004 paragraphi
1054 3923 1111 4000 513
1135 3919 1187 3985 hic
1207 3921 1320 3986 habes:

148 4041 266 4128 φάτνη,
285 4036 452 4129 dorpanei,
466 4040 593 4126 νεφέλη,
604 4037 720 4116 ’Ἄθως
732 4035 974 4123 καῖ’Όλνμπος,
991 4047 1102 4123 νέφος
1118 4032 1186 4098 illic
1203 4037 1321 4123 φάτνη,

149 4148 250 4234 ἅλως,
274 4152 426 4229 κοιλάδες
442 4152 589 4236 νεφέλαι,
606 4147 773 4235 Ὄλυμπος
790 4147 982 4227 anellum,
1007 4159 1111 4233 νέφος.
1151 4144 1192 4209 ΙΙΙ
1207 4144 1322 4226 quibus

148 4257 308 4325 indicibus
323 4279 430 4325 rernm
445 4263 564 4325 natura
579 4257 700 4350 factum
717 4262 776 4338 est,
796 4262 833 4323 nt
851 4256 920 4323 11116
935 4255 1071 4322 fulmina
1086 4255 1321 4335 omitterentur,

148 4370 201 4437 hic
222 4371 308 4437 inter
330 4370 533 4452 tempestatis
556 4370 649 4453 signa
673 4371 766 4435 orbes
781 4374 815 4435 61
830 4386 930 4435 cavae
945 4369 1045 4433 nubes
1061 4368 1217 4448 deessent,
1241 4386 1323 4448 qnae

150 4501 220 4549 cnm
243 4489 358 4551 ventos
381 4481 620 4564 praenuntient,
645 4500 702 4547 suo
727 4481 796 4547 loco
822 4487 854 4565 (ξ
878 4481 933 4565 31)
956 4484 1193 4545 enumerantur.
1226 4556 1229 4561 .

257 4595 327 4660 Iam
352 4594 482 4660 candem
505 4601 542 4660 nt
564 4599 746 4660 statuamus
768 4592 924 4675 originem
946 4609 1010 4656 non
1030 4591 1133 4656 solum
1149 4590 1236 4669 ordo,
1261 4607 1322 4670 qno

150 4705 245 4791 signa
267 4705 425 4788 disposita
447 4711 532 4786 snut,
557 4705 681 4785 suadet,
706 4704 873 4770 sedetiam
889 4703 990 4770 verba
1004 4701 1160 4769 nonnulla
1175 4700 1223 4766 ita
1238 4701 1324 4765 inter

1108 4830 1126 4882 2
