2948 5160
623 274 843 336 -46-

146 466 323 534 Cassianus
355 469 488 534 Bassus.
544 469 655 550 Atque
687 487 739 534 res
771 468 805 534 in
837 469 946 550 aprico
978 488 1049 535 esse
1079 469 1217 550 videtur,
1251 488 1323 536 cum

145 598 260 645 nomen
291 580 434 646 auctoris
466 579 499 645 in
537 579 644 645 titulis
680 580 819 664 singulis
852 581 1012 662 capitibus
1045 581 1199 662 praefixis
1240 581 1324 648 satis

145 690 273 771 indicet,
298 710 390 773 quem
413 690 603 772 scriptorem
626 698 754 758 secutus
778 693 822 758 sit
844 693 983 775 Bassus;
1013 694 1114 759 habes
1137 693 1220 759 enim
1242 693 1324 759 haec

122 870 124 875 ,
146 801 254 884 capita
276 804 340 869 12.
377 808 610 896 Προγνωστικιῖ
636 805 801 876 salomoni
825 807 920 896 α’ίρος
940 827 945 838 “
963 807 1099 899 Ἀράτου
1118 827 1123 838 ·
1142 807 1206 870 13.
1245 818 1325 897 Προ-

146 920 309 1000 γνωστικοὶ
338 921 524 1006 χειμερινοῦ
554 916 649 1007 οἷίρος
682 929 739 984 καλ
772 920 808 985 ἐκ
840 932 947 987 ποίων
973 933 1153 1008 τεκμηρίων
1181 917 1325 1005 όμβρους

67 1026 70 1033 ’
145 1032 204 1117 χρή
233 1032 449 1119 προσδοκᾶν·
476 1033 543 1096 Tot
571 1028 676 1096 αὐτοῦ
703 1048 709 1058 ’
736 1028 754 1092 Ι
784 1029 815 1092 4.
863 1033 1093 1120 ΙΙροηνοισυικοέ
1122 1041 1326 1119 μακροτέρου

145 1145 304 1226 χειμῶνος
327 1160 332 1170 ·
358 1145 426 1208 Τοῦ
450 1141 562 1209 aulaeo.
610 1139 723 1219 Neque
749 1157 826 1206 vero
854 1138 1006 1204 assentiri
1033 1157 1163 1221 possum
1190 1138 1262 1206 viro
1292 1139 1327 1205 in

147 1247 340 1329 Geoponicis
368 1249 487 1330 optime
515 1255 645 1316 versato
658 1317 661 1323 ,
675 1249 837 1316 Guilelmo
871 1250 1009 1330 Gemoll,
1042 1251 1106 1332 qui,
1135 1256 1172 1317 ut
1199 1252 1328 1318 demon-

44 1426 48 1433 ,
146 1366 267 1426 straret
294 1361 422 1426 uomina
449 1367 615 1428 auctorum
642 1362 806 1443 adscripta
834 1362 918 1427 omni
946 1362 1008 1427 fide
1036 1381 1157 1442 carere,
1188 1369 1326 1431 conatus

146 1477 196 1554 est
227 1475 364 1554 probare
395 1493 459 1538 non
491 1479 558 1539 tam
593 1492 633 1538 ex
665 1475 765 1538 Arati
804 1472 945 1539 carmine
984 1492 1080 1554 quam
1118 1494 1157 1540 ex
1192 1476 1325 1543 scholiis

146 1585 292 1664 Arateis,
308 1604 390 1666 quae
405 1584 499 1651 hodie
515 1589 637 1664 extant,
655 1591 807 1665 excerpta
823 1604 893 1651 esse
909 1586 973 1651 tria
988 1585 1047 1652 illa
1064 1584 1327 1668 Geoponicorum

146 1697 298 1780 capital)
335 1696 426 1780 Qtuae
450 1696 610 1762 sententia
633 1716 728 1777 quam
751 1697 956 1763 vehementer
979 1718 999 1763 a
1019 1697 1160 1765 veritate
1182 1699 1325 1779 aberret,

146 1808 241 1873 facile
276 1808 456 1890 intelleget,
493 1809 672 1889 quicunque
703 1808 849 1891 singulos
881 1809 1074 1875 scholiorum
1105 1810 1204 1888 locos,
1243 1830 1326 1891 quos

145 1920 326 1985 arbitratur
342 1919 471 1985 Gemoll
488 1919 673 2000 Geoponico
690 1925 766 1985 ante
781 1921 891 1986 oculos
906 1920 1016 2000 fuisse,
1041 1920 1224 1986 rarissimos
1246 1921 1325 1988 illos

145 2051 203 2112 pro
227 2031 420 2097 scholiorum
443 2033 592 2097 ubertate
615 2036 712 2112 atque
735 2031 856 2113 passim
880 2033 1050 2114 dispersos,
1081 2038 1232 2099 accurate
1254 2053 1326 2114 per-

146 2142 314 2208 censuerit.
371 2142 543 2209 Rationem
575 2142 699 2208 frustra
731 2149 874 2224 quaeret,
910 2143 938 2209 si
969 2143 1093 2212 videbit
1127 2144 1326 2212 Gemollium

145 2259 271 2321 textum
303 2255 433 2321 secundi
460 2255 576 2335 capitis
604 2254 753 2336 deinceps
781 2255 902 2320 referre
929 2256 971 2320 ad
998 2256 1191 2322 scholiorum
1219 2276 1326 2338 parva

146 2364 328 2446 enunciata,
362 2386 443 2448 quae
475 2371 648 2447 occurrunt
679 2367 713 2432 in
740 2367 885 2433 Bekkeri
918 2367 1057 2433 editione
1084 2388 1115 2449 p.
1143 2371 1214 2448 119,
1248 2371 1324 2450 121,

150 2479 221 2557 122,
258 2480 330 2559 124,
367 2480 438 2558 127,
476 2480 548 2558 120,
580 2479 652 2558 121,
685 2480 758 2559 122,
789 2480 862 2559 135,
894 2481 966 2560 138,
999 2481 1070 2544 136.
1119 2479 1186 2545 Cur
1217 2480 1325 2563 ipsum

146 2586 208 2654 sibi
230 2595 325 2670 putat
350 2589 478 2656 Gemoll
500 2591 639 2656 Bassum
663 2590 873 2656 difficultates
896 2591 1047 2657 auxisse?
1091 2592 1192 2658 Immo
1216 2593 1327 2660 omnia

145 2701 244 2782 plana
267 2707 351 2781 sunt,
376 2702 404 2766 si
419 2705 562 2768 Aratum
585 2702 689 2783 ipsum
713 2702 885 2768 statuimus
903 2702 1097 2783 Geoponicis
1113 2703 1325 2786 prognostica

147 2812 383 2894 suppeditasse.
391 2815 417 2896 ²)
440 2886 442 2890 ¹

251 3029 273 3092 ¹)
295 3026 420 3079 Berliner
439 3027 565 3095 Studien,
587 3027 843 3096 Geoponiea1883.
882 3047 909 3099 p.
929 3030 1016 3083 51-58.

249 3112 610 3182 2)(λευροιιίο.12111111αιῐιι
623 3127 742 3187 Τριταία
749 3120 797 3171 καὶ
805 3127 954 3192 τιταρταιά
963 3114 1033 3172 οὐσα
1044 3116 1059 3184 ἧ
1070 3117 1168 3186 σελήνη
1180 3120 1230 3172 καὶ
1238 3118 1322 3186 icaro*

147 3205 197 3256 καὶ
211 3200 328 3276 καθαροὶ
343 3209 507 3277 μαινομένη
521 3201 622 3258 εὐδίαν
637 3206 718 3270 δηλοῖ
736 3204 820 3254 refert
834 3202 944 3255 Gemoll
957 3203 992 3254 ad
1010 3203 1099 3256 schol.
1120 3221 1148 3272 p.
1165 3204 1223 3270 119,
1244 3205 1319 3261 27-29

148 3287 374 3351 (BelrkerArat.)
399 3301 511 3364 τριταία
531 3283 610 3358 οὐσα,
636 3289 726 3359 ἤγουν
745 3300 842 3366 τρίτην
861 3290 973 3365 ἧμέραν
992 3290 1103 3359 ἄγουσα
1122 3290 1177 3346 cino*
1197 3294 1320 3347 συνόδου

149 3381 198 3429 καὶ
219 3373 288 3430 οὐσα
312 3373 395 3442 λετιτὴ
420 3376 546 3444 (τοιαότη
570 3376 627 3451 γάρ
653 3381 714 3432 ἐστι
732 3387 845 3451 τριταία
870 3377 958 3440 ου’σα)
983 3375 1118 3449 καθαρόν
1136 3382 1185 3431 καὶ
1206 3381 1326 3448 διαυγὲς

149 3459 183 3517 τό
201 3469 262 3534 spois
281 3466 385 3536 ἔχουσα
405 3462 500 3524 εὐδίας
520 3467 581 3518 ἔστι
594 3463 754 3538 σημαντική
773 3479 829 3515 non
849 3462 946 3514 videns
965 3462 992 3513 in
1013 3468 1071 3514 tota
1084 3462 1135 3514 hac
1149 3464 1324 3517 scholiorum

150 3553 227 3616 parte
246 3547 280 3598 de
299 3553 399 3615 quarto
419 3548 473 3615 die,
499 3565 582 3616 quem
602 3549 782 3619 Geoponicus
806 3551 895 3613 affert,
920 3549 992 3600 nihil
1016 3550 1147 3613 inveniri,
1173 3556 1324 3618 utrumque

149 3649 215 3686 vero
236 3633 309 3684 diem
328 3635 363 3686 ab
377 3635 464 3687 Arato
484 3635 698 3688 commemorari
718 3634 1044 3688 v.781-83euiusverbo
1063 3642 1207 3703 praeterea
1220 3636 1324 3689 mirum

149 3721 177 3771 iu
197 3720 312 3772 modum
333 3737 395 3772 cum
413 3720 569 3790 Geoponici
588 3723 680 3774 verhis
701 3723 878 3789 conspirant:
899 3721 982 3789 λεπτή
1001 3725 1058 3796 μὲν
1077 3722 1192 3799 καθαρη
1212 3744 1241 3778 τε
1255 3728 1324 3798 περὶ

150 3815 246 3881 τρίτον
265 3805 340 3882 ἦμαρ
361 3814 453 3862 ἰοῦσα.
498 3807 527 3859 Si
551 3809 643 3876 pergit
662 3808 842 3876 Geoponicus
866 3812 916 3863 aci
933 3815 1110 3876 πανσέληνος
1130 3815 1160 3866 δὲ
1181 3810 1252 3866 οὐσα
1272 3812 1325 3867 ἰόν

150 3892 266 3966 καθαρό
286 3901 372 3968 φανῇ,
394 3894 494 3949 εὐδίαν
513 3899 728 3969 σημαίνει“καὶ
754 3892 806 3951 ἐόν
826 3896 983 3970 διχόμηνος
1002 3895 1073 3952 οὐσα
1097 3896 1213 3971 καδαρό
1233 3909 1322 3972 φανῇ,

150 3980 249 4036 εὐδίαν
271 3978 433 4056 αρομηνόει
457 3980 637 4033 manifestum
662 3988 713 4048 est,
740 3998 803 4033 eum
828 3981 988 4058 διχόμηνος
1011 3983 1083 4035 falso
1109 3985 1321 4052 interpretatum

150 4066 183 4118 de
209 4067 275 4120 luna
298 4066 453 4130 dimidiata,
479 4084 562 4135 quam
588 4075 689 4121 vocant
713 4069 868 4144 διχότομος
891 4069 969 4136 loqui
993 4069 1127 4122 voluisse.
1166 4070 1220 4135 Qui
1244 4086 1324 4123 error

150 4152 232 4205 facile
245 4152 357 4220 quidem
377 4154 544 4222 explicatur,
564 4153 588 4205 si
602 4154 720 4207 Bassum
741 4157 890 4207 statuimus
906 4155 984 4208 Arati
1004 4172 1115 4207 carmen
1135 4158 1322 4222 excerpsisse,

154 4238 201 4290 ubi
220 4238 307 4290 semel
325 4239 395 4291 illud
415 4240 530 4292 verbum
551 4257 576 4293 v.
596 4241 647 4292 807
667 4247 829 4308 σεσηρυῖαν,
857 4241 933 4293 omni
952 4259 1016 4294 vero
1037 4241 1218 4295 excusatione
1237 4248 1321 4309 caret,

151 4327 174 4376 si
194 4324 309 4377 scholiis
329 4341 391 4376 eum
412 4342 494 4378 usum
513 4342 575 4379 esse
597 4326 738 4394 ponimusq
758 4343 829 4395 quae
843 4328 927 4396 paulo
947 4334 1010 4381 eunte
1029 4328 1107 4379 illum
1121 4345 1234 4381 uersum
1253 4329 1322 4380 haec

150 4411 284 4478 praebent
301 4427 327 4478 p.
342 4411 429 4477 1221
449 4412 561 4480 τιληδύν
577 4417 633 4488 μὲν
652 4411 704 4470 οὐν
724 4413 774 4480 τόν
788 4421 968 4484 πανσέληνον
985 4423 1074 4489 λέγει,
1093 4423 1142 4484 τῆν
1163 4414 1323 4490 διχόμηνον
