2948 5160
576 557 797 625 -49-

99 763 139 830 de
159 760 263 845 signis
287 757 435 840 inscripti
464 757 540 824 libri
560 757 713 839 usquein
733 757 809 822 ΧΠ
830 755 992 822 saeculum
1012 751 1173 836 persecuti
1192 770 1276 818 nunc

99 876 134 941 in
167 893 230 940 uno
260 877 431 953 conspectu
459 890 620 952 ponemus,
654 869 796 950 quidde
828 868 981 932 memoria
1012 865 1101 931 illius
1129 864 1204 930 libri
1232 865 1276 929 sit

99 985 318 1053 statuendum.
335 985 446 1065 Atque
458 981 600 1047 Plinium
613 987 645 1046 et
657 981 878 1046 Ptolemaeum
890 978 1065 1044 verisimile
1077 983 1126 1043 est
1138 976 1276 1061 genuino

101 1098 187 1165 libro
212 1115 282 1162 esse
305 1113 393 1173 usos;
420 1094 579 1160 Aelianus
604 1112 644 1158 ex
668 1093 738 1174 ipso
763 1092 856 1172 libro,
883 1110 973 1172 quem
995 1089 1186 1156 Aristotelis
1207 1107 1277 1154 esse

38 1292 41 1297 Ι
101 1210 335 1287 arbitrabatur,
356 1206 563 1289 prognostica
582 1204 768 1270 animalium
788 1203 1011 1284 transscripsit
1026 1202 1134 1269 verbis
1150 1201 1278 1267 Aristo·

102 1321 179 1387 telis
202 1318 351 1386 servatis.
388 1318 443 1383 Ad
462 1335 542 1398 quos
557 1323 657 1382 testes
674 1317 829 1382 accedunt
845 1316 1051 1393 Plutarchus
1076 1314 1178 1394 quiin
1194 1313 1276 1378 libro

103 1442 234 1514 υαἰτίαι
258 1438 326 1501 τῶν
350 1431 486 1521 Ἀροίτου
504 1433 723 1519 διοσημειῶν(
737 1427 939 1506 Aristotelis
964 1432 1000 1491 ui
1016 1429 1162 1507 putabat,
1186 1426 1277 1490 illuni

105 1543 223 1609 librum
239 1540 427 1623 compilavit
441 1539 494 1624 (cf.
512 1540 608 1618 ibose,
622 1539 761 1605 Aristot.
780 1540 928 1620 pseudep.
946 1559 975 1620 p.
991 1541 1068 1623 251)
1085 1544 1118 1602 et
1132 1538 1278 1616 Procius,

104 1655 160 1737 qui
176 1653 327 1720 Platonis
343 1651 509 1716 Timaeum
525 1651 689 1732 explicans
706 1657 747 1733 (p.
763 1653 825 1716 obt
845 1652 893 1715 ed.
909 1651 943 1717 Ο.
957 1652 997 1716 Ε.
1017 1650 1092 1716 Ohr.
1106 1648 1280 1716 Schneider

104 1765 244 1837 Vratisl.
271 1766 369 1847 1841)
393 1762 607 1844 Theophrasti
635 1764 754 1828 librum
777 1777 851 1855 111111
876 1778 1017 1853 σημείων
1045 1766 1279 1827 commemorat.

104 1877 291 1947 Scholiasta
321 1895 398 1942 vero
430 1875 531 1941 Arati
562 1875 685 1940 nullam
717 1874 806 1939 illius
837 1873 913 1939 libri
949 1873 1098 1939 notitiam
1129 1871 1281 1937 habuisse

105 1990 245 2057 ridetur.
278 1991 429 2054 Exeunte
451 1987 553 2069 igitur
576 1987 712 2053 secundo
734 2007 764 2068 p.
783 1986 857 2052 Chr.
883 1986 1011 2051 saeculo
1027 1984 1227 2065 deperditum
1242 1983 1281 2047 de

110 2099 216 2182 signis
228 2100 341 2165 librum
353 2101 376 2185 ¹)
391 2099 425 2164 in
438 2098 571 2165 Aeliani
583 2099 730 2164 manibus
746 2098 847 2162 fuisse
861 2103 954 2163 extra
969 2096 1202 2162 dubitationem
1217 2100 1280 2174 est;

114 2212 206 2276 ultra
221 2210 297 2276 nihil
310 2211 391 2277 certi
407 2211 534 2277 scimus.
569 2211 640 2275 Iam
661 2215 790 2291 praeter
805 2209 905 2275 Arati
925 2228 1053 2274 carmen
1075 2206 1283 2290 prognostica

118 2341 139 2387 a
161 2322 303 2391 Varrone
323 2322 453 2405 prolata
476 2323 658 2403 permulta
681 2323 811 2387 saecula
834 2339 893 2386 usu
916 2320 1103 2398 floruerunt,
1127 2318 1282 2400 siquidem

117 2432 242 2514 Seneca,
269 2434 439 2518 vegetius,
472 2434 618 2499 Isidorus
645 2432 873 2514 Hispaliensis‚
909 2431 1112 2513 (leoponicus
1140 2431 1182 2496 ad
1211 2449 1283 2495 eum

113 2544 253 2613 redeunt.
301 2545 482 2631 Varronem
509 2551 617 2611 autem
645 2545 774 2628 singula
802 2564 859 2625 pro
883 2545 1009 2610 ratione
1031 2543 1119 2608 illius
1143 2543 1284 2623 epheme-

21 2726 24 2731 ,
110 2656 197 2723 ridos
223 2658 353 2724 navalis
380 2676 527 2738 novasse,
561 2658 747 2739 plerumque
769 2654 986 2737 Theophrasti
1017 2656 1070 2721 vel
1093 2653 1285 2721 Aristotelis

108 2770 211 2835 verba
233 2786 294 2835 sua
317 2769 431 2836 iecisse
454 2776 488 2835 et
503 2789 601 2850 supra
617 2768 820 2850 exposuimus
844 2773 877 2833 et
892 2787 976 2833 nunc
995 2786 1078 2834 novo
1095 2770 1285 2849 argumento

108 2881 248 2962 probare
280 2900 456 2964 possumus.
507 2883 549 2948 In
576 2881 677 2946 Plinii
709 2880 792 2946 enim
824 2880 984 2946 naturalis
1015 2864 1171 2944 historiae
1202 2877 1285 2941 libro

109 2993 250 3059 secundo
278 3013 304 3059 0.
333 2995 376 3059 48
405 2993 576 3078 (sectiones
609 2995 760 3077 tho-130)
792 2993 840 3059 ita
871 3011 942 3058 cum
974 2990 1135 3072 excerptis
1167 2989 1287 3055 nostris

113 3103 296 3191 concinit,²)
319 3112 365 3184 ut,
390 3106 418 3170 si
441 3125 499 3186 per
521 3111 688 3171 auctorum
710 3105 800 3170 illius
824 3105 899 3170 libri
921 3104 1057 3170 indicem
1077 3102 1147 3168 fieri
1167 3105 1286 3183 posset,

111 3235 176 3282 non
203 3216 384 3282 dubitarem
414 3218 606 3283 contendere
633 3236 672 3282 ex
699 3218 769 3298 ipso
798 3217 936 3299 genuino
965 3217 1047 3280 libro
1072 3214 1213 3279 Plinium
1237 3233 1288 3277 ex-

218 3496 238 3561 ¹)
259 3494 289 3546 In
315 3494 497 3561 sequentibus
524 3495 723 3547 demonstrabo
749 3511 838 3561 neque
864 3510 935 3560 opus
960 3494 1029 3546 illud
1048 3493 1235 3559 Theophrasti
1255 3493 1288 3543 de

115 3578 217 3645 pluviis
247 3588 274 3632 et
301 3580 390 3633 veniis
419 3581 574 3647 conditum,
604 3596 693 3648 neque
723 3581 840 3632 alterum
868 3580 971 3633 librum
1000 3597 1061 3631 cum
1093 3584 1290 3647 parmpegnrate

116 3667 297 3718 coniunctum
312 3667 346 3718 ab
361 3666 479 3719 Aeliano
494 3667 675 3734 compilatum
690 3683 761 3731 esse,
782 3668 830 3718 sed
845 3667 939 3719 omnio
952 3683 1024 3734 quae
1037 3666 1101 3718 inde
1116 3668 1290 3730 excerpsisse

115 3750 254 3818 videatur,
282 3758 414 3821 prompta
441 3769 503 3805 esse
532 3769 566 3804 ex
595 3752 668 3804 libro
693 3754 815 3820 quodam
841 3753 873 3805 de
900 3753 987 3820 signis
1012 3759 1079 3821 post
1102 3751 1290 3818 Theophrasti

116 3842 235 3889 aetatem
245 3838 504 3906 conscriptacnius
514 3838 998 3906 auctorexdnobusfortibussupro
1008 3836 1289 3903 investigatishausit.

218 3925 241 3988 ²)
253 3923 323 3976 Plin.
339 3924 365 3974 11
377 3932 443 3977 sect.
459 3926 517 3977 126.
529 3925 637 3975 nivales
651 3923 745 3991 aquilo
759 3930 786 3976 et
796 3926 960 3992 septentrio.
976 3923 1126 3992 grandines
1138 3924 1291 3990 septentrio
1362 3976 1366 3985 ,

118 4007 253 4076 importat
263 4018 290 4061 et
301 4026 393 4062 corus.
410 4020 559 4063 aestuosus
571 4016 675 4076 auster,
690 4009 776 4078 tepidi
790 4011 938 4062 volturnus
952 4018 977 4062 et
988 4009 1128 4061 favonius.
1149 4009 1290 4074 Theophr.

117 4093 151 4145 de
171 4094 260 4162 signis
274 4098 286 4158 ἕ
299 4097 332 4148 36
341 4096 510 4171 χαλαζώδης
530 4097 556 4151 ‹l’
574 4098 735 4170 ἀπαρκτίας
754 4101 803 4151 καὶ
823 4106 949 4170 θρακίας
967 4101 1017 4153 καὶ
1036 4097 1177 4168 ν’ργέστης
1189 4109 1194 4118 “
1208 4116 1294 4168 ναμ-

117 4176 210 4249 τολδης
230 4186 260 4238 de*
281 4182 297 4237 ὅ
316 4205 344 4238 τε
362 4192 451 4258 μέσης
471 4184 609 4258 ἧβορὲας
628 4187 677 4239 καὶ
698 4184 855 4258 ἀπαρκτίας
868 4196 875 4211 ·
889 4182 1078 4258 καυματώδης
1092 4186 1123 4237 δὲ
1144 4179 1226 4244 νότος
1245 4183 1294 4235 καὶ

122 4273 246 4345 ζέφυρος
265 4274 315 4324 καὶ
335 4269 426 4341 εὖρος.
446 4277 513 4323 sect.
533 4271 590 4324 128.
613 4269 683 4322 Cum
703 4269 826 4338 proximi
847 4270 1011 4322 cudentibus
1032 4275 1160 4337 surgunt„
1181 4284 1197 4318 a
1215 4267 1294 4319 laevo

118 4354 204 4407 latere
223 4358 252 4406 in
272 4355 402 4408 dextrum
421 4365 452 4409 ut
464 4358 507 4409 sol
522 4357 656 4409 ambiunt.
690 4362 701 4417 ’1
718 4357 750 4408 35
768 4358 996 4430 μεταβάλλουσιν
1009 4356 1127 4418 11010110
1141 4359 1297 4429 ἐχομένους

118 4444 166 4498 tat
185 4441 266 4505 διξαὶ
286 4442 382 4515 ὥσπερ
402 4442 485 4509 ἢτοῦ
504 4443 581 4510 vilior
601 4450 662 4520 ἔχει
682 4443 769 4519 mopsi.
797 4451 863 4496 sect.
885 4443 942 4496 129.
964 4445 1167 4508 septentriones
1187 4440 1289 4508 impari

123 4527 181 4578 1010
196 4526 455 4581 desinuntnumero
471 4572 475 4581 .
494 4572 498 4582 .
517 4573 521 4582 .
538 4531 585 4583 Sol
600 4539 625 4583 et
639 4534 721 4596 unget
734 4534 760 4581 et
773 4529 932 4595 comprimit
944 4529 1037 4581 ssatus.
1067 4530 1133 4592 133.
1156 4533 1184 4582 οἱ
1195 4534 1297 4601 βορέαι

118 4613 261 4671 παύονται
287 4614 324 4677 ὦς
350 4619 396 4673 ἐπὶ
421 4615 452 4671 τό
475 4616 545 4672 noir}
572 4621 603 4673 ἓν
626 4625 774 4693 περιτταῖς
800 4623 828 4671 οἱ
848 4620 878 4672 «le
900 4617 981 4672 νότοι
1002 4620 1033 4673 ἰν
1052 4614 1301 4690 ιῖρτλαις“ἇνεμοι

119 4707 256 4777 αἴρονται
274 4700 321 4777 ἅμ’
341 4701 407 4774 ἡλίῳ
427 4703 615 4760 ἀνατέλλοντι
635 4707 684 4758 καλ
705 4704 813 4776 σελήνῃ.

1088 4774 1106 4825 4
