2948 5160
661 254 881 318 -70-

182 451 231 515 ita
263 424 471 515 (1110111386
502 451 657 530 probetur
690 448 841 528 Plinium,
879 450 964 530 apud
1000 467 1093 529 quem
1130 452 1202 513 octo
1235 447 1359 512 dierum

184 566 327 642 systema
349 561 632 627 meteoromantiae
655 579 753 626 causa
776 561 910 641 primum
928 559 1108 641 exponitur,
1132 579 1172 624 ex
1191 558 1361 639 deperdito

185 673 253 738 sive
277 672 405 737 Eudoxi
419 664 497 738 ¹sive
520 673 672 753 anonymi
695 673 734 736 de
757 672 858 753 signis
883 674 965 736 libro
988 670 1143 749 hausisse,
1168 690 1361 751 quamquam

183 783 305 848 numeri
329 783 397 864 ipse
419 783 542 849 dierum
565 804 627 848 uon
645 803 775 864 prorsus
791 783 987 865 conspirant.
1023 784 1137 847 Lunae
1155 782 1239 846 enim
1255 782 1361 865 signis

183 894 377 960 enumeratis
401 896 479 959 haec
502 895 656 960 annexuit
673 896 814 978 (XVIII
831 916 857 959 c.
876 897 930 978 ru)
957 894 1061 969 ,Sunt
1084 898 1117 958 et
1139 893 1241 974 ipsius
1263 894 1363 959 lunae

183 1008 273 1074 VIII
296 1005 436 1085 articuli,
461 1005 607 1085 quotiens
631 1007 663 1071 iu
681 1009 818 1089 angulos
835 1005 912 1071 solis
933 1006 1065 1084 incidat,
1090 998 1252 1085 plerisque
1275 998 1364 1070 inter

183 1138 237 1183 eos
252 1122 378 1182 tantum
396 1117 642 1182 observantibus
657 1118 829 1200 praesagia
845 1118 923 1195 ciue,
947 1119 1007 1181 hoc
1028 1122 1078 1181 est
1093 1117 1160 1194 III,
1187 1118 1266 1195 VII,
1291 1118 1362 1195 XI,

183 1230 263 1306 XV,
282 1229 439 1305 XVIIII,
460 1229 603 1294 XXIII.
622 1230 769 1297 XXVII
785 1237 818 1294 et
834 1228 1074 1294 interlunium*
1111 1228 1223 1308 Atque
1237 1227 1364 1311 singuli

183 1340 308 1421 quidem
341 1341 471 1405 articuli
503 1346 540 1405 ut
569 1342 655 1420 apud
678 1343 909 1421 Excerptorem
938 1346 970 1405 et
995 1338 1165 1405 Geminum
1193 1339 1365 1419 quaternis

183 1452 295 1517 diebus
318 1451 404 1515 inter
427 1470 461 1516 se
484 1451 616 1529 distant,
642 1453 698 1516 sed
722 1471 792 1517 oum
815 1452 865 1516 illi
889 1460 921 1516 et
945 1449 1144 1516 anovilunio
1168 1455 1201 1515 et
1224 1450 1365 1531 apleni·

184 1563 271 1629 lunio
294 1562 472 1642 inciperent
496 1562 606 1644 (novil.
631 1564 693 1642 IV,
719 1564 809 1631 VIII
832 1617 837 1628 .
858 1616 864 1628 .
886 1564 994 1644 plenil.
1020 1563 1124 1650 XIX,
1150 1562 1309 1626 XXIII.
1333 1570 1366 1647 .),

183 1674 311 1740 Plinius
335 1693 442 1738 omnes
466 1673 533 1738 dies
558 1675 599 1738 ad
614 1674 824 1754 plenilunium
839 1674 977 1754 rettulit,
1002 1674 1050 1739 ita
1066 1678 1102 1738 ut
1117 1674 1205 1738 iutra
1219 1692 1367 1739 mensem

183 1785 359 1852 intervalla
383 1790 536 1866 quattuor
559 1786 681 1851 dierum
705 1792 860 1866 servaret,
885 1786 1016 1851 tertium
1032 1804 1109 1851 vero
1131 1784 1223 1863 diem,
1248 1785 1304 1865 qui
1330 1786 1365 1851 in

183 1898 356 1978 Excerptis
389 1903 422 1962 et
454 1897 537 1977 apud
566 1898 706 1963 Aratum
738 1897 891 1978 suppetit,
924 1897 1112 1979 praeferret.
1164 1896 1287 1961 Tamen
1307 1881 1367 1965 ¹ad

183 2029 378 2076 communem
409 2008 500 2073 illum
533 2008 653 2074 fontem
686 2028 779 2089 quam
812 2029 912 2090 prope
943 2009 1116 2074 accesserit
1144 2028 1184 2073 ex
1213 2010 1366 2089 sequenti

183 2121 289 2202 capite
311 2122 379 2204 (80)
403 2120 516 2197 elucet,
547 2120 602 2185 ubi
625 2120 754 2186 articuli
776 2127 955 2202 temporum
979 2124 1276 2198 commemorantur,
1306 2120 1367 2201 qui

182 2235 223 2299 ad
256 2252 372 2298 antrum
405 2231 508 2314 magis
538 2251 633 2312 quam
666 2233 707 2299 ad
738 2252 877 2297 mensem
910 2236 1064 2314 spectent,
1098 2230 1174 2296 anui
1207 2230 1365 2298 articulis

182 2350 278 2410 ardea
302 2364 321 2408 a
344 2343 452 2408 Plinio
475 2363 538 2409 non
562 2344 742 2424 explicatis

288 2456 360 2520 Iam
382 2474 458 2520 vero
487 2457 623 2521 Eudoxo
651 2475 748 2536 supra
776 2455 852 2520 anni
875 2455 1082 2536 partitionem
1109 2454 1360 2521 vindicavimus

185 2567 270 2650 Quid
310 2568 355 2631 'de
403 2567 521 2631 mensis
567 2566 714 2632 articulis
759 2567 936 2633 iaciamus?
1009 2568 1146 2631 Praeter
1190 2565 1366 2633 divisionis

183 2677 423 2742 similitudinem
458 2679 597 2742 tortasse
633 2698 673 2743 ex
704 2678 804 2743 Plinii
835 2679 943 2744 verbis
974 2678 1095 2759 aliquid
1133 2677 1202 2743 erui
1239 2684 1365 2759 potest,

182 2809 263 2870 quae
287 2809 323 2854 eo
351 2789 454 2871 magis
479 2788 633 2869 ampliore
659 2789 925 2854 commentatione
950 2790 1049 2871 digua
1072 2795 1156 2868 suut,
1181 2790 1266 2870 quod
1290 2790 1366 2857 tuta

183 2901 251 2966 eius
275 2901 438 2984 signorum
463 2900 626 2965 enarratio
651 2901 788 2982 genuino
813 2901 947 2981 quodam
972 2901 1077 2965 colore
1106 2901 1197 2966 nitet.
1247 2892 1364 2983 Atque

183 3012 318 3093 primum
357 3012 483 3092 quidem
522 3018 610 3077 recte
648 3031 760 3077 censeo
796 3012 1033 3078 Detlet'senium
1071 3013 1170 3077 verba
1208 3012 1248 3076 de
1288 3020 1361 3080 octo

182 3124 329 3189 artIculiS
362 3142 459 3203 supra
492 3124 640 3204 apposita
668 3124 846 3189 seiunxisse
874 3144 893 3188 a
918 3123 1131 3190 Varronianis
1159 3124 1241 3203 quae
1271 3144 1357 3206 prue-

183 3236 307 3300 oedunt.
352 3236 464 3322 Neque
497 3235 580 3299 enim
607 3235 710 3300 locum
745 3237 843 3300 habet
876 3235 908 3299 iu
939 3235 1151 3300 dichotomiae
1181 3238 1358 3316 systemate

182 3346 250 3410 dies
283 3346 377 3413 XVI·
405 3365 537 3426 quocum
573 3348 680 3413 Varro
713 3347 953 3428 prognosticum
986 3342 1115 3427 aliquod
1147 3345 1326 3413 coniunxit.
1342 3354 1364 3433 ⁸)

182 3458 258 3523 urit
281 3458 429 3536 fortasse,
458 3457 513 3538 qui
541 3459 580 3522 de
603 3458 790 3522 Democrito
819 3457 949 3540 cogitet,
978 3457 1095 3538 quippe
1122 3457 1176 3538 qui
1203 3457 1236 3521 in
1266 3458 1364 3524 initio

182 3569 282 3634 totius
315 3570 353 3633 de
385 3569 488 3651 signis
517 3566 793 3635 commentationis
821 3576 852 3653 (ξ
880 3572 957 3653 orto)
987 3571 1027 3633 ab
1055 3569 1124 3649 ipso
1152 3567 1261 3633 PlInio
1295 3588 1366 3635 una

180 3700 252 3745 cum
275 3680 423 3762 Vergilio
448 3682 598 3746 laudatus
622 3681 674 3746 sit.
722 3681 786 3747 Sed
807 3680 859 3746 hio
883 3681 972 3745 locus
999 3687 1166 3761 suspectus
1189 3686 1248 3758 est,
1274 3683 1365 3761 quod

182 3792 279 3856 etiam
307 3798 327 3875 ξ
355 3794 419 3855 321
449 3792 654 3857 Democritus
683 3791 777 3856 simul
810 3810 880 3857 cum
905 3791 1052 3874 Vergilio
1081 3797 1361 3873 corumemoratur,

180 3904 271 3968 cuius
297 3903 458 3985 Gem’gioa
483 3903 590 3968 Plinio
615 3923 739 3984 semper
762 3908 837 3967 ante
861 3904 969 3968 oculos
992 3902 1093 3968 fuisse
1115 3909 1211 3967 extra
1232 3921 1361 3968 omnem

181 4015 412 4081 dubitationem
436 4021 495 4094 est,
525 4014 638 4080 deimle
665 4016 748 4096 quod
778 4016 889 4080 fabula
912 4022 932 4098 ξ
956 4015 1019 4078 341
1044 4020 1179 4079 narrata
1202 4015 1362 4093 „tradunt

284 4302 303 4367 ι)
325 4301 396 4354 risu.
416 4308 472 4354 nat.
488 4302 556 4355 mss.
571 4302 662 4353 xvm
680 4302 756 4365 peso
775 4303 821 4365 „u
833 4302 896 4353 xvi
909 4301 1100 4355 vehementius
1117 4302 1247 4355 flammea
1264 4301 1358 4369 (runa)
1377 4275 1383 4283 ’

181 4386 354 4462 apparuerit,
374 4403 488 4453 asperas
507 4393 686 4457 tempestates
706 4389 896 4457 praesa-giet“.
1252 4400 1256 4405 “
