2948 5160
622 223 844 288 „42„.

146 419 214 487 fere
229 421 339 487 eadem
354 419 516 502 reperitur
531 421 615 502 apud
630 420 791 487 Isidorum
808 421 1058 502 Hispaliensem,
1076 424 1130 502 qui
1145 421 1197 505 (de
1211 425 1318 487 natur.

146 552 207 599 rer.
235 533 452 617 XXXVIII)
476 533 664 599 Suetonium
680 533 904 614 Tranquillum
925 538 1054 598 secutus
1075 534 1152 599 haec
1172 533 1320 614 praebet:

36 733 39 738 Ι
149 644 204 723 „in
236 649 381 710 austrum
408 644 498 710 venti
529 645 666 710 mutatio
694 650 753 725 est,
788 664 858 710 cum
890 644 1042 726 luligines
1074 644 1323 724 hirundincsque

103 743 105 748 ’
147 755 292 822 volant.“
351 755 432 822 Oum
464 756 567 840 igitur
598 756 668 822 fieri
701 758 764 822 no'n
796 756 907 838 possit,
941 756 1017 838 quin
1049 758 1091 824 ad
1122 755 1323 837 deperditum

146 874 291 933 nostrum
315 868 432 933 librum
456 867 588 933 Aeliani
611 870 711 935 verba
734 868 919 948 referamus
944 870 985 934 ab
1009 868 1148 934 Aeliano
1172 869 1323 933 docemur

146 999 186 1045 nc
218 980 259 1045 ab
289 982 489 1060 Excerptore
521 980 647 1060 quidem
679 999 749 1045 esse
777 981 967 1046 exhaustam
999 980 1124 1061 copiam
1156 979 1323 1062 signorum

147 1097 244 1172 atque
266 1110 303 1156 eo
327 1091 455 1158 facilius
479 1091 634 1172 explicari
661 1096 777 1173 potest,
807 1111 864 1156 cur
886 1091 1013 1158 Pituius
1039 1092 1074 1157 in
1097 1091 1235 1175 singulis
1258 1111 1325 1156 non

37 1224 40 1228 ·
147 1222 272 1284 semper
293 1203 455 1284 conspiret
478 1222 548 1268 cum
572 1202 742 1284 excerptis,

255 1314 366 1381 Etiam
398 1316 431 1380 in
464 1314 581 1382 Claudi
612 1315 792 1381 Ptolemaei
824 1316 907 1396 quod
938 1315 1042 1381 fertur
1075 1315 1325 1399 (quadripartito

147 1445 247 1508 purus
270 1432 307 1492 ut
333 1427 382 1492 ita
405 1426 507 1504 dicam
531 1428 602 1492 lons
626 1427 784 1493 scaturire
808 1426 945 1506 videtur,
970 1427 1025 1493 ubi
1048 1427 1081 1492 in
1104 1427 1167 1492 fine
1191 1426 1322 1493 secundi

146 1538 223 1604 libri
245 1538 347 1604 tradit
370 1544 572 1604 astronomus
588 1540 627 1604 de
647 1538 749 1621 signis
769 1538 968 1619 sublimibus,
993 1539 1072 1605 adeo
1093 1539 1213 1606 oblitus
1229 1537 1326 1605 mira·

146 1650 259 1716 bilium
283 1652 457 1716 multarum
480 1670 587 1716 rerum
610 1670 689 1733 quas
713 1656 810 1716 antea
832 1651 871 1716 de
886 1649 1009 1717 viribus
1026 1651 1194 1716 stellarum
1214 1670 1324 1717 erran·

146 1762 236 1842 tium,
261 1763 330 1829 sive
352 1763 598 1829 masculinamm
624 1763 692 1829 sive
712 1762 947 1842 femininarum,
971 1763 1010 1828 de
1033 1781 1142 1828 earum
1165 1762 1322 1841 domibus

146 1875 314 1940 stellarum
336 1875 510 1958 triangulis
534 1875 679 1956 protulit,
709 1880 745 1939 ut
767 1875 823 1942 vix
839 1875 1006 1956 quisquam
1029 1875 1081 1941 vel
1105 1874 1210 1940 obiter
1228 1873 1322 1940 illum

145 1987 250 2052 locum
273 1988 431 2071 perlegat,
456 1987 532 2067 quin
555 1987 586 2051 ei
608 1986 719 2052 statim
740 1986 878 2067 suspicio
900 1986 1074 2062 oboriatur,
1099 1986 1323 2052 Ptolemaeum

146 2098 180 2162 in
203 2117 240 2164 eo
264 2099 490 2165 conscribendo
507 2104 652 2164 nontam
669 2117 726 2163 suo
741 2098 870 2181 ingenio
886 2098 1058 2163 indulsisse
1073 2117 1168 2178 quam
1184 2097 1323 2164 alterius

146 2217 319 2292 praecepta
342 2210 537 2292 apposuisse.
572 2211 683 2291 Atque
705 2210 739 2274 in
755 2211 899 2276 confesso
920 2216 1005 2275 esset
1020 2210 1186 2290 deperdito
1209 2214 1323 2275 nostro

147 2321 229 2387 libro
245 2322 466 2388 Ptolemaeum
490 2341 582 2389 usum
605 2341 684 2401 esse,
709 2321 772 2386 nisi
795 2321 903 2401 etiam,
928 2341 998 2388 cum
1021 2321 1102 2387 nihil
1125 2322 1193 2388 fere
1213 2322 1324 2388 Ptole-

146 2452 256 2499 maeus
279 2435 439 2514 exhibeat,
463 2435 547 2515 quod
570 2454 634 2500 non
657 2436 783 2500 Aratus
806 2432 1032 2513 illustraverit,
1061 2434 1113 2500 hic
1135 2435 1169 2501 in
1192 2452 1325 2501 censum

146 2545 282 2612 veniret.
343 2545 447 2629 Quam
484 2547 703 2626 quaestionem
740 2545 907 2627 quominus
945 2546 1111 2613 absolvam
1147 2552 1180 2612 et
1212 2547 1325 2628 inopia

147 2656 302 2722 librorum
329 2657 493 2738 impedior,
527 2678 597 2724 cum
630 2659 733 2723 latina
764 2662 891 2722 tantum
914 2656 1061 2722 versione
1093 2657 1203 2723 multis
1227 2658 1325 2726 'vitiiS

148 2768 316 2849 inquinata
343 2768 421 2834 mihi
448 2769 496 2834 uti
524 2769 630 2848 liceat,
642 2772 665 2855 ¹)
693 2774 726 2835 et
754 2767 933 2834 Ptolemaei
962 2770 1152 2849 excerpendi
1184 2771 1324 2852 ratione,

147 2879 264 2961 quippe
295 2880 349 2961 qui
380 2880 589 2963 prognostica
620 2881 765 2961 dispersa
797 2881 947 2945 sollerter
978 2881 1184 2962 coartaverit,
1218 2884 1325 2968 magis

148 3010 254 3056 rerum
289 3010 383 3072 quam
418 2991 493 3058 libri
528 2992 670 3058 ordinem
702 2999 838 3059 secutus.
891 2996 964 3062 Hoc
998 2996 1109 3077 utique
1142 3015 1201 3077 pro
1234 3003 1322 3063 certo

149 3108 293 3169 statuere
316 3122 493 3186 possumus,
518 3103 683 3185 antiquam
707 3106 746 3171 de
768 3112 996 3187 tempestatum
1019 3108 1120 3191 signis
1143 3108 1318 3175 doctrinam

147 3220 242 3280 tanta
268 3214 426 3298 religione
453 3215 673 3282 Ptolemaeum
701 3217 886 3298 reddidisse,
918 3225 954 3285 ut
981 3220 1077 3285 etiam
1107 3220 1213 3285 omnia
1241 3237 1320 3302 quae

148 3325 372 3407 explicationis
401 3346 498 3393 causa
525 3327 704 3409 copiosiora
730 3331 888 3410 praebuit,
923 3350 963 3397 ex
991 3331 1151 3398 sententia
1179 3332 1325 3399 auctoris

148 3437 305 3519 deperditi
328 3438 404 3504 libri
426 3439 591 3505 scriberet.
640 3439 713 3526 Qua
735 3441 774 3506 de
797 3461 895 3507 causa
918 3443 1015 3508 etiam
1038 3445 1117 3510 haec
1139 3444 1323 3510 Ptolemaei

148 3551 248 3615 verba
285 3550 327 3614 ad
362 3569 555 3617 communem
590 3551 682 3618 illum
716 3552 837 3618 fontem
868 3554 1062 3620 rettulerim:
1104 3557 1324 3635 „Errantibus

148 3680 186 3726 ac
218 3645 429 3728 inerrantiam
465 3663 640 3744 splendidis
677 3664 888 3731 circumfusae
921 3686 1016 3733 areae
1050 3668 1089 3733 de
1123 3668 1325 3750 proprietate

149 3773 266 3839 coloris
289 3773 339 3839 sui
362 3775 557 3855 portendunt
580 3794 618 3840 ea
641 3794 723 3856 quae
738 3782 874 3842 naturae
889 3778 998 3844 ferunt
1017 3779 1207 3847 stellarum‘
1231 3780 1323 3847 cuius

147 3885 327 3953 sententiae
349 3885 490 3968 vestigia
512 3887 598 3967 apud
622 3888 761 3954 Aratum
785 3909 815 3956 v.
841 3891 939 3975 9412)
967 3890 1184 3976 inveniuntur,
1213 3890 1323 3958 inex·

148 3996 268 4078 oerptis
290 4015 354 4061 non
376 4003 515 4064 exstant.

253 4195 273 4257 ¹)
297 4194 372 4262 typis
398 4195 530 4248 mandata
555 4197 629 4264 apud
654 4197 727 4250 Petr.
752 4196 913 4250 Phalesium
937 4216 969 4252 ac
991 4199 1141 4255 Martinam
1163 4201 1320 4256 Rotarium.

154 4279 208 4331 Par
227 4280 293 4331 1558
311 4296 367 4331 uua
385 4296 448 4332 cum
470 4282 616 4339 Θεοδότου
638 4289 806 4359 Τριπολίτου
825 4294 1003 4363 Σᾳπαιρικών
1019 4293 1115 4358 βιβλία
1132 4287 1168 4359 y’.

251 4367 275 4430 2>
293 4366 329 4420 Ἢ
347 4370 396 4422 καὶ
413 4365 469 4422 nori
488 4390 530 4430 τις
549 4368 625 4424 filma
641 4375 856 4447 μελαινομένην
875 4375 938 4449 ἔχει
956 4373 1054 4450 ιῖστῆρ.
