<?xml version="1.0" encoding="UTF-8"?>
<!DOCTYPE html PUBLIC "-//W3C//DTD XHTML 1.0 Transitional//EN"
    "http://www.w3.org/TR/xhtml1/DTD/xhtml1-transitional.dtd">
<html xmlns="http://www.w3.org/1999/xhtml" xml:lang="en" lang="en">
 <head>
  <title>
</title>
<meta http-equiv="Content-Type" content="text/html;charset=utf-8" />
  <meta name='ocr-system' content='tesseract 3.04.00' />
  <meta name='ocr-capabilities' content='ocr_page ocr_carea ocr_par ocr_line ocrx_word'/>
</head>
<body>
  <div class='ocr_page' id='page_1' title='image "./detheophrasteis00boehgoog_0020.png"; bbox 0 0 2948 5160; ppageno 0'>
   <div class='ocr_carea' id='block_1_1' title="bbox 139 1784 740 4717">
    <p class='ocr_par' dir='ltr' id='par_1_1' title="bbox 139 2071 174 4713">
     <span class='ocr_line' id='line_1_1' title="bbox 139 2071 174 4713; textangle 90"><span class='ocrx_word' id='word_1_1' title='bbox 139 4649 165 4713; x_wconf 82' lang='lat'>19</span> <span class='ocrx_word' id='word_1_2' title='bbox 140 4412 174 4612; x_wconf 77' lang='lat' dir='ltr'>spinas</span> <span class='ocrx_word' id='word_1_3' title='bbox 159 3836 162 3842; x_wconf 92' lang='lat'>.</span> <span class='ocrx_word' id='word_1_4' title='bbox 147 3424 165 3592; x_wconf 78' lang='lat' dir='ltr'>cavae</span> <span class='ocrx_word' id='word_1_5' title='bbox 140 3205 166 3385; x_wconf 87' lang='lat' dir='ltr'>nubes</span> <span class='ocrx_word' id='word_1_6' title='bbox 140 2432 172 2580; x_wconf 84' lang='lat' dir='ltr'>ignis</span> <span class='ocrx_word' id='word_1_7' title='bbox 142 2335 166 2389; x_wconf 84' lang='lat' dir='ltr'>et</span> <span class='ocrx_word' id='word_1_8' title='bbox 139 2282 165 2302; x_wconf 87' lang='lat' dir='ltr'>l</span> <span class='ocrx_word' id='word_1_9' title='bbox 145 2071 164 2276; x_wconf 78' lang='lat' dir='ltr'>uuuuuu</span> 
     </span>
    </p>

    <p class='ocr_par' dir='ltr' id='par_1_2' title="bbox 186 2369 220 4614">
     <span class='ocr_line' id='line_1_2' title="bbox 186 2369 220 4614; textangle 90"><span class='ocrx_word' id='word_1_10' title='bbox 186 4501 212 4614; x_wconf 83' lang='lat' dir='ltr'>olla</span> <span class='ocrx_word' id='word_1_11' title='bbox 194 4161 213 4463; x_wconf 76' lang='lat' dir='ltr'><strong>coruscans</strong></span> <span class='ocrx_word' id='word_1_12' title='bbox 186 3630 212 3699; x_wconf 79' lang='lat'>32</span> <span class='ocrx_word' id='word_1_13' title='bbox 187 3324 213 3596; x_wconf 85' lang='lat' dir='ltr'>tornitrus</span> <span class='ocrx_word' id='word_1_14' title='bbox 190 3119 220 3285; x_wconf 79' lang='lat' dir='ltr'>atque</span> <span class='ocrx_word' id='word_1_15' title='bbox 186 2838 219 3082; x_wconf 82' lang='lat' dir='ltr'>fulgetra</span> <span class='ocrx_word' id='word_1_16' title='bbox 186 2613 211 2680; x_wconf 86' lang='lat'>43</span> <span class='ocrx_word' id='word_1_17' title='bbox 186 2369 220 2570; x_wconf 62' lang='lat' dir='ltr'>‹Inirvn</span> 
     </span>
    </p>

    <p class='ocr_par' dir='ltr' id='par_1_3' title="bbox 232 2329 267 4613">
     <span class='ocr_line' id='line_1_3' title="bbox 232 2329 267 4613; textangle 90"><span class='ocrx_word' id='word_1_18' title='bbox 241 4395 260 4613; x_wconf 87' lang='lat' dir='ltr'>vermes</span> <span class='ocrx_word' id='word_1_19' title='bbox 234 3632 260 3700; x_wconf 84' lang='lat'>33</span> <span class='ocrx_word' id='word_1_20' title='bbox 233 3527 259 3594; x_wconf 85' lang='lat' dir='ltr'>de</span> <span class='ocrx_word' id='word_1_21' title='bbox 237 3195 260 3489; x_wconf 82' lang='lat' dir='ltr'>ventorum</span> <span class='ocrx_word' id='word_1_22' title='bbox 232 3104 258 3159; x_wconf 89' lang='lat' dir='ltr'>vi</span> <span class='ocrx_word' id='word_1_23' title='bbox 233 2329 267 2575; x_wconf 78' lang='lat' dir='ltr'><strong>fulgetra</strong></span> 
     </span>
    </p>

    <p class='ocr_par' dir='ltr' id='par_1_4' title="bbox 278 1788 362 4717">
     <span class='ocr_line' id='line_1_4' title="bbox 278 1788 315 4612; textangle 90"><span class='ocrx_word' id='word_1_24' title='bbox 281 4311 315 4612; x_wconf 79' lang='lat' dir='ltr'>delphinus</span> <span class='ocrx_word' id='word_1_25' title='bbox 281 3629 307 3697; x_wconf 82' lang='lat'>34</span> <span class='ocrx_word' id='word_1_26' title='bbox 281 3387 307 3592; x_wconf 77' lang='lat' dir='ltr'>etesiae</span> <span class='ocrx_word' id='word_1_27' title='bbox 288 2373 313 2576; x_wconf 80' lang='lat' dir='ltr'>magna</span> <span class='ocrx_word' id='word_1_28' title='bbox 281 2283 306 2343; x_wconf 83' lang='lat' dir='ltr'>in</span> <span class='ocrx_word' id='word_1_29' title='bbox 280 1993 313 2259; x_wconf 75' lang='lat' dir='ltr'>Hymetto</span> <span class='ocrx_word' id='word_1_30' title='bbox 278 1788 304 1968; x_wconf 85' lang='lat' dir='ltr'>nubes</span> 
     </span>
     <span class='ocr_line' id='line_1_5' title="bbox 327 1991 362 4717; textangle 90"><span class='ocrx_word' id='word_1_31' title='bbox 328 4647 355 4717; x_wconf 79' lang='lat'>20</span> <span class='ocrx_word' id='word_1_32' title='bbox 328 4317 362 4614; x_wconf 79' lang='lat' dir='ltr'>Hymettus</span> <span class='ocrx_word' id='word_1_33' title='bbox 328 3319 355 3596; x_wconf 85' lang='lat' dir='ltr'>montium</span> <span class='ocrx_word' id='word_1_34' title='bbox 328 2986 354 3280; x_wconf 84' lang='lat' dir='ltr'>cacumina</span> <span class='ocrx_word' id='word_1_35' title='bbox 327 2392 354 2575; x_wconf 79' lang='lat' dir='ltr'>Athos</span> <span class='ocrx_word' id='word_1_36' title='bbox 330 2300 354 2354; x_wconf 90' lang='lat' dir='ltr'>et</span> <span class='ocrx_word' id='word_1_37' title='bbox 327 1991 361 2264; x_wconf 79' lang='lat' dir='ltr'>Olympos</span> 
     </span>
    </p>

    <p class='ocr_par' dir='ltr' id='par_1_5' title="bbox 372 1784 502 4715">
     <span class='ocr_line' id='line_1_6' title="bbox 372 1865 409 4611; textangle 90"><span class='ocrx_word' id='word_1_38' title='bbox 375 4386 409 4611; x_wconf 84' lang='lat' dir='ltr'>signum</span> <span class='ocrx_word' id='word_1_39' title='bbox 374 3900 400 4349; x_wconf 73' lang='lat' dir='ltr'>anniversarium</span> <span class='ocrx_word' id='word_1_40' title='bbox 375 3410 401 3594; x_wconf 83' lang='lat' dir='ltr'>Athos</span> <span class='ocrx_word' id='word_1_41' title='bbox 399 3100 401 3104; x_wconf 79' lang='grc'><strong>,</strong></span> <span class='ocrx_word' id='word_1_42' title='bbox 375 2296 400 2577; x_wconf 80' lang='lat' dir='ltr'>nubecula</span> <span class='ocrx_word' id='word_1_43' title='bbox 381 2059 401 2260; x_wconf 83' lang='lat' dir='ltr'>sereno</span> <span class='ocrx_word' id='word_1_44' title='bbox 372 1865 398 2019; x_wconf 85' lang='lat' dir='ltr'>caelo</span> 
     </span>
     <span class='ocr_line' id='line_1_7' title="bbox 420 1784 455 4714; textangle 90"><span class='ocrx_word' id='word_1_45' title='bbox 423 4649 448 4714; x_wconf 88' lang='grc'>21</span> <span class='ocrx_word' id='word_1_46' title='bbox 421 4368 449 4612; x_wconf 88' lang='lat' dir='ltr'>tonitrus</span> <span class='ocrx_word' id='word_1_47' title='bbox 424 4274 448 4328; x_wconf 90' lang='lat' dir='ltr'>et</span> <span class='ocrx_word' id='word_1_48' title='bbox 422 3998 454 4239; x_wconf 77' lang='lat' dir='ltr'>fulgetra</span> <span class='ocrx_word' id='word_1_49' title='bbox 422 3397 449 3592; x_wconf 81' lang='lat' dir='ltr'>stellae</span> <span class='ocrx_word' id='word_1_50' title='bbox 421 3125 448 3358; x_wconf 75' lang='lat' dir='ltr'>crinitae</span> <span class='ocrx_word' id='word_1_51' title='bbox 421 2611 447 2680; x_wconf 87' lang='grc'>44</span> <span class='ocrx_word' id='word_1_52' title='bbox 422 2208 455 2576; x_wconf 79' lang='lat' dir='ltr'>prognostica</span> <span class='ocrx_word' id='word_1_53' title='bbox 420 1784 446 2171; x_wconf 77' lang='lat' dir='ltr'>anniversaria</span> 
     </span>
     <span class='ocr_line' id='line_1_8' title="bbox 468 2360 502 4715; textangle 90"><span class='ocrx_word' id='word_1_54' title='bbox 470 4647 495 4715; x_wconf 86' lang='grc'>22</span> <span class='ocrx_word' id='word_1_55' title='bbox 469 4377 495 4609; x_wconf 82' lang='lat' dir='ltr'>Euboea</span> <span class='ocrx_word' id='word_1_56' title='bbox 469 3526 496 3594; x_wconf 86' lang='lat' dir='ltr'>de</span> <span class='ocrx_word' id='word_1_57' title='bbox 469 3307 496 3488; x_wconf 81' lang='lat' dir='ltr'>ventis</span> <span class='ocrx_word' id='word_1_58' title='bbox 469 2906 502 3268; x_wconf 86' lang='lat' dir='ltr'>proverbium</span> <span class='ocrx_word' id='word_1_59' title='bbox 469 2613 495 2682; x_wconf 84' lang='lat'>45</span> <span class='ocrx_word' id='word_1_60' title='bbox 468 2462 494 2577; x_wconf 84' lang='lat' dir='ltr'>ilex</span> <span class='ocrx_word' id='word_1_61' title='bbox 469 2360 471 2365; x_wconf 57' lang='lat'><em>⁷</em></span> 
     </span>
    </p>

    <p class='ocr_par' dir='ltr' id='par_1_6' title="bbox 516 2394 542 4609">
     <span class='ocr_line' id='line_1_9' title="bbox 516 2394 542 4609; textangle 90"><span class='ocrx_word' id='word_1_62' title='bbox 516 4451 542 4609; x_wconf 87' lang='lat' dir='ltr'>Pelio</span> <span class='ocrx_word' id='word_1_63' title='bbox 517 3576 542 3595; x_wconf 99' lang='lat' dir='ltr'>l</span> <span class='ocrx_word' id='word_1_64' title='bbox 524 3362 542 3569; x_wconf 82' lang='lat' dir='ltr'>uuuuuu</span> <span class='ocrx_word' id='word_1_65' title='bbox 517 2394 542 2575; x_wconf 87' lang='lat' dir='ltr'>nubes</span> 
     </span>
    </p>

    <p class='ocr_par' dir='ltr' id='par_1_7' title="bbox 563 2486 598 4615">
     <span class='ocr_line' id='line_1_10' title="bbox 563 2486 598 4615; textangle 90"><span class='ocrx_word' id='word_1_66' title='bbox 565 4512 590 4615; x_wconf 85' lang='lat' dir='ltr'>iris</span> <span class='ocrx_word' id='word_1_67' title='bbox 585 3844 588 3851; x_wconf 96' lang='lat'>.</span> <span class='ocrx_word' id='word_1_68' title='bbox 565 3535 591 3698; x_wconf 80' lang='lat'><strong>35-37</strong></span> <span class='ocrx_word' id='word_1_69' title='bbox 564 3450 589 3517; x_wconf 89' lang='lat' dir='ltr'>de</span> <span class='ocrx_word' id='word_1_70' title='bbox 563 3097 598 3430; x_wconf 77' lang='lat' dir='ltr'>regionibus</span> <span class='ocrx_word' id='word_1_71' title='bbox 566 3022 590 3079; x_wconf 86' lang='lat' dir='ltr'>et</span> <span class='ocrx_word' id='word_1_72' title='bbox 566 2800 597 3000; x_wconf 73' lang='lat' dir='ltr'>natura.</span> <span class='ocrx_word' id='word_1_73' title='bbox 564 2610 589 2680; x_wconf 85' lang='lat'>46</span> <span class='ocrx_word' id='word_1_74' title='bbox 563 2486 589 2574; x_wconf 89' lang='lat' dir='ltr'>sol</span> 
     </span>
    </p>

    <p class='ocr_par' dir='ltr' id='par_1_8' title="bbox 609 1808 642 4608">
     <span class='ocr_line' id='line_1_11' title="bbox 609 1808 642 4608; textangle 90"><span class='ocrx_word' id='word_1_75' title='bbox 611 4458 637 4608; x_wconf 86' lang='lat' dir='ltr'>soles</span> <span class='ocrx_word' id='word_1_76' title='bbox 610 4272 636 4419; x_wconf 86' lang='lat' dir='ltr'>acuti</span> <span class='ocrx_word' id='word_1_77' title='bbox 618 4206 635 4234; x_wconf 90' lang='lat' dir='ltr'>e</span> <span class='ocrx_word' id='word_1_78' title='bbox 609 3920 636 4168; x_wconf 81' lang='lat' dir='ltr'>nubibus</span> <span class='ocrx_word' id='word_1_79' title='bbox 614 3159 637 3458; x_wconf 86' lang='lat' dir='ltr'>ventorum</span> <span class='ocrx_word' id='word_1_80' title='bbox 609 2244 642 2574; x_wconf 65' lang='lat' dir='ltr'>Mercurius,</span> <span class='ocrx_word' id='word_1_81' title='bbox 609 2040 635 2202; x_wconf 84' lang='lat' dir='ltr'>stella</span> <span class='ocrx_word' id='word_1_82' title='bbox 617 1808 639 2002; x_wconf 69' lang='lat' dir='ltr'>errans</span> 
     </span>
    </p>

    <p class='ocr_par' dir='ltr' id='par_1_9' title="bbox 658 2438 692 4612">
     <span class='ocr_line' id='line_1_12' title="bbox 658 2438 692 4612; textangle 90"><span class='ocrx_word' id='word_1_83' title='bbox 659 4340 685 4612; x_wconf 82' lang='lat' dir='ltr'>formicae</span> <span class='ocrx_word' id='word_1_84' title='bbox 658 3297 692 3594; x_wconf 76' lang='lat' dir='ltr'>lanugines</span> <span class='ocrx_word' id='word_1_85' title='bbox 666 2438 692 2574; x_wconf 81' lang='lat' dir='ltr'>apes</span> 
     </span>
    </p>

    <p class='ocr_par' dir='ltr' id='par_1_10' title="bbox 704 2406 740 4607">
     <span class='ocr_line' id='line_1_13' title="bbox 704 2406 740 4607; textangle 90"><span class='ocrx_word' id='word_1_86' title='bbox 705 4364 740 4607; x_wconf 64' lang='lat' dir='ltr'>poa-helii</span> <span class='ocrx_word' id='word_1_87' title='bbox 706 3398 732 3592; x_wconf 78' lang='lat' dir='ltr'>stellae</span> <span class='ocrx_word' id='word_1_88' title='bbox 704 2981 732 3359; x_wconf 81' lang='lat' dir='ltr'>discurrentes</span> <span class='ocrx_word' id='word_1_89' title='bbox 706 2406 740 2575; x_wconf 83' lang='lat' dir='ltr'>lupus</span> 
     </span>
    </p>
   </div>
   <div class='ocr_carea' id='block_1_2' title="bbox 751 1778 921 4712">
    <p class='ocr_par' dir='ltr' id='par_1_11' title="bbox 751 1907 787 4606">
     <span class='ocr_line' id='line_1_14' title="bbox 751 1907 787 4606; textangle 90"><span class='ocrx_word' id='word_1_90' title='bbox 752 4454 779 4606; x_wconf 83' lang='lat' dir='ltr'>orbis</span> <span class='ocrx_word' id='word_1_91' title='bbox 753 4239 785 4410; x_wconf 71' lang='lat' dir='ltr'>(eir-ca</span> <span class='ocrx_word' id='word_1_92' title='bbox 751 3999 783 4202; x_wconf 85' lang='lat' dir='ltr'>solem)</span> <span class='ocrx_word' id='word_1_93' title='bbox 754 2609 780 2679; x_wconf 83' lang='grc'>47</span> <span class='ocrx_word' id='word_1_94' title='bbox 759 2365 787 2573; x_wconf 76' lang='lat' dir='ltr'>vespae</span> <span class='ocrx_word' id='word_1_95' title='bbox 753 2272 777 2326; x_wconf 86' lang='lat' dir='ltr'>et</span> <span class='ocrx_word' id='word_1_96' title='bbox 758 2106 777 2236; x_wconf 78' lang='lat' dir='ltr'>aves</span> <span class='ocrx_word' id='word_1_97' title='bbox 752 1907 778 2066; x_wconf 80' lang='lat' dir='ltr'>albae</span> 
     </span>
    </p>

    <p class='ocr_par' dir='ltr' id='par_1_12' title="bbox 800 1778 921 4712">
     <span class='ocr_line' id='line_1_15' title="bbox 800 2363 834 4712; textangle 90"><span class='ocrx_word' id='word_1_98' title='bbox 802 4644 827 4712; x_wconf 77' lang='lat'>23</span> <span class='ocrx_word' id='word_1_99' title='bbox 800 4405 834 4602; x_wconf 74' lang='grc' dir='ltr'>Φᾰτνη</span> <span class='ocrx_word' id='word_1_100' title='bbox 801 2363 826 2574; x_wconf 83' lang='lat' dir='ltr'>Parnes</span> 
     </span>
     <span class='ocr_line' id='line_1_16' title="bbox 846 1778 882 4604; textangle 90"><span class='ocrx_word' id='word_1_101' title='bbox 849 4379 881 4604; x_wconf 79' lang='lat' dir='ltr'>signum</span> <span class='ocrx_word' id='word_1_102' title='bbox 846 3893 872 4340; x_wconf 73' lang='lat' dir='ltr'>anniversarium</span> <span class='ocrx_word' id='word_1_103' title='bbox 847 3459 849 3462; x_wconf 78' lang='grc'><strong>’</strong></span> <span class='ocrx_word' id='word_1_104' title='bbox 849 2605 875 2676; x_wconf 87' lang='grc'>48</span> <span class='ocrx_word' id='word_1_105' title='bbox 848 2201 882 2568; x_wconf 84' lang='lat' dir='ltr'>prognostica</span> <span class='ocrx_word' id='word_1_106' title='bbox 847 1778 873 2165; x_wconf 77' lang='lat' dir='ltr'>anniversaria</span> 
     </span>
     <span class='ocr_line' id='line_1_17' title="bbox 895 2451 921 4606; textangle 90"><span class='ocrx_word' id='word_1_107' title='bbox 902 4410 921 4606; x_wconf 77' lang='lat' dir='ltr'>musca</span> <span class='ocrx_word' id='word_1_108' title='bbox 896 2602 921 2670; x_wconf 86' lang='lat'>49</span> <span class='ocrx_word' id='word_1_109' title='bbox 895 2451 921 2567; x_wconf 82' lang='lat' dir='ltr'>ilex</span> 
     </span>
    </p>
   </div>
   <div class='ocr_carea' id='block_1_3' title="bbox 942 2274 1312 4704">
    <p class='ocr_par' dir='ltr' id='par_1_13' title="bbox 942 2274 1023 4703">
     <span class='ocr_line' id='line_1_18' title="bbox 942 2274 976 4604; textangle 90"><span class='ocrx_word' id='word_1_110' title='bbox 942 4406 976 4604; x_wconf 63' lang='lat' dir='ltr'>spinas</span> <span class='ocrx_word' id='word_1_111' title='bbox 942 2274 973 2557; x_wconf 71' lang='grc' dir='ltr'><strong><em>σκολόπαξ</em></strong></span> 
     </span>
     <span class='ocr_line' id='line_1_19' title="bbox 990 2381 1023 4703; textangle 90"><span class='ocrx_word' id='word_1_112' title='bbox 990 4637 1016 4703; x_wconf 84' lang='grc'>24</span> <span class='ocrx_word' id='word_1_113' title='bbox 990 4302 1023 4620; x_wconf 67' lang='lat' dir='ltr'>‚Hymettus</span> <span class='ocrx_word' id='word_1_114' title='bbox 998 2381 1016 2569; x_wconf 70' lang='lat' dir='ltr'>mures</span> 
     </span>
    </p>

    <p class='ocr_par' dir='ltr' id='par_1_14' title="bbox 1027 3051 1071 4602">
     <span class='ocr_line' id='line_1_20' title="bbox 1027 3051 1071 4602; textangle 90"><span class='ocrx_word' id='word_1_115' title='bbox 1038 4381 1071 4602; x_wconf 78' lang='lat' dir='ltr'>Aegina</span> <span class='ocrx_word' id='word_1_116' title='bbox 1027 3051 1030 3057; x_wconf 47' lang='grc'><strong>“</strong></span> 
     </span>
    </p>

    <p class='ocr_par' dir='ltr' id='par_1_15' title="bbox 1084 4016 1163 4704">
     <span class='ocr_line' id='line_1_21' title="bbox 1084 4016 1118 4602; textangle 90"><span class='ocrx_word' id='word_1_117' title='bbox 1085 4440 1118 4602; x_wconf 77' lang='lat' dir='ltr'>signa</span> <span class='ocrx_word' id='word_1_118' title='bbox 1084 4016 1109 4403; x_wconf 81' lang='lat' dir='ltr'>anniversaria</span> 
     </span>
     <span class='ocr_line' id='line_1_22' title="bbox 1137 4372 1163 4704; textangle 90"><span class='ocrx_word' id='word_1_119' title='bbox 1137 4636 1163 4704; x_wconf 77' lang='lat'>25</span> <span class='ocrx_word' id='word_1_120' title='bbox 1137 4543 1162 4601; x_wconf 89' lang='lat' dir='ltr'>lu</span> <span class='ocrx_word' id='word_1_121' title='bbox 1144 4372 1162 4537; x_wconf 82' lang='lat' dir='ltr'>ccccc</span> 
     </span>
    </p>

    <p class='ocr_par' dir='ltr' id='par_1_16' title="bbox 1183 3811 1217 4599">
     <span class='ocr_line' id='line_1_23' title="bbox 1183 3811 1217 4599; textangle 90"><span class='ocrx_word' id='word_1_122' title='bbox 1184 4531 1210 4599; x_wconf 86' lang='lat' dir='ltr'>de</span> <span class='ocrx_word' id='word_1_123' title='bbox 1183 4057 1217 4481; x_wconf 74' lang='lat' dir='ltr'>septentrionali</span> <span class='ocrx_word' id='word_1_124' title='bbox 1185 3953 1209 4006; x_wconf 84' lang='lat' dir='ltr'>et</span> <span class='ocrx_word' id='word_1_125' title='bbox 1190 3811 1208 3905; x_wconf 90' lang='lat' dir='ltr'>au-</span> 
     </span>
    </p>

    <p class='ocr_par' dir='ltr' id='par_1_17' title="bbox 1231 3928 1312 4594">
     <span class='ocr_line' id='line_1_24' title="bbox 1231 3928 1264 4459; textangle 90"><span class='ocrx_word' id='word_1_126' title='bbox 1231 4299 1257 4459; x_wconf 72' lang='lat' dir='ltr'>strali</span> <span class='ocrx_word' id='word_1_127' title='bbox 1233 3928 1264 4261; x_wconf 77' lang='lat' dir='ltr'>tempestate</span> 
     </span>
     <span class='ocr_line' id='line_1_25' title="bbox 1278 3977 1312 4594; textangle 90"><span class='ocrx_word' id='word_1_128' title='bbox 1280 4420 1305 4594; x_wconf 83' lang='lat' dir='ltr'>boves</span> <span class='ocrx_word' id='word_1_129' title='bbox 1278 4181 1304 4383; x_wconf 73' lang='lat' dir='ltr'>liiemis</span> <span class='ocrx_word' id='word_1_130' title='bbox 1279 3977 1312 4142; x_wconf 84' lang='lat' dir='ltr'>signa</span> 
     </span>
    </p>
   </div>
   <div class='ocr_carea' id='block_1_4' title="bbox 0 0 1478 5160">
    <p class='ocr_par' dir='ltr' id='par_1_18' title="bbox 0 0 1478 5160">
     <span class='ocr_line' id='line_1_26' title="bbox 0 0 1478 5160; textangle 90"><span class='ocrx_word' id='word_1_131' title='bbox 0 0 1478 5160; x_wconf 95' lang='lat' dir='ltr'> </span> 
     </span>
    </p>
   </div>
  </div>
 </body>
</html>
