2948 5160
588 606 718 669 -53
765 646 810 654 -

223 802 316 887 Quod
338 821 414 869 vero
438 801 557 867 attinet
580 803 620 867 ad
647 801 863 885 fragmentum
890 802 981 880 illud,
1009 802 1089 867 vitio
1117 802 1287 867 manifesto

112 916 253 981 laborat.
299 914 477 995 Aparctias
500 914 583 979 enim
607 913 714 979 nullus
739 920 1011 979 commemoratur.
1058 914 1180 978 Tamen
1202 914 1287 978 hunc

112 1028 228 1092 abesse
251 1045 314 1091 nou
336 1045 430 1107 posse
446 1026 577 1106 quaevis
594 1033 817 1106 excerptorum
834 1025 954 1108 pagina
974 1026 1102 1104 clamat,
1116 1029 1137 1106 Ι)
1161 1024 1289 1105 quibus·

114 1155 186 1204 cum
209 1137 371 1203 artissime
393 1136 470 1201 mihi
497 1138 712 1219 fragmentum
741 1139 910 1203 cohaerere
933 1136 1070 1202 videtur.
1117 1138 1202 1203 Nam
1225 1155 1288 1200 non

115 1249 217 1315 solum
262 1255 298 1315 ut
341 1254 493 1329 excerpta
531 1262 677 1337 uoautog
716 1250 858 1330 praebet,
902 1248 1084 1314 Aristotele
1125 1259 1288 1339 σρασκίας

115 1361 327 1443 praeferente,
358 1379 469 1426 verum
502 1359 599 1425 etiam
631 1362 745 1425 boreas
777 1365 810 1424 et
842 1379 953 1439 irrasos,
987 1360 1021 1424 in
1053 1379 1186 1440 quorum
1219 1378 1290 1424 con·

115 1472 241 1539 fusione
264 1473 351 1538 Rosa
383 1471 524 1551 offendit,
557 1471 590 1536 in
619 1472 778 1553 excerptis
808 1491 866 1552 pro
894 1491 956 1537 uno
989 1476 1164 1552 ponuntur:
1198 1477 1218 1554 ξ
1246 1472 1288 1535 ud

116 1587 296 1674 νιφετώδης
325 1588 360 1653 δὲ
385 1584 404 1652 d
427 1616 461 1653 cs
484 1598 583 1674 μέσης
606 1585 627 1675 ἢ
650 1593 769 1673 βορέας
785 1597 842 1652 καὶ
863 1585 1061 1671 α’παρκτίας,
1087 1602 1168 1663 quau
1190 1585 1290 1647 Verba

114 1714 152 1761 eo
176 1694 330 1778 graviora
353 1702 438 1773 sunt,
466 1696 549 1776 qnod
577 1702 684 1760 cetera
711 1694 805 1760 lunius
828 1695 980 1760 sectionis
1003 1695 1070 1760 fere
1093 1695 1134 1759 ad
1158 1696 1290 1760 verbum

114 1806 372 1889 Meteorologica
387 1807 533 1886 reddunt,
550 1808 610 1872 hoo
625 1826 721 1871 unum
739 1813 891 1884 mutatur,
908 1806 999 1887 quasi
1011 1825 1113 1871 meses
1124 1806 1290 1871 insolitum

100 1936 231 2007 ‘nomen
252 1917 447 1998 Excerptori
470 1919 574 1986 visum
607 1919 650 1983 sit
682 1918 925 1999 explicandique
952 1937 1050 1983 causa
1082 1916 1291 1997 adscripserit

116 2029 138 2120 ἢ
162 2038 290 2121 βορέας,
325 2030 424 2095 Falso
448 2029 550 2112 igitur
572 2032 659 2095 Rose
682 2032 811 2095 boream
835 2030 1001 2110 aparctiae
1025 2029 1093 2094 loco
1117 2027 1289 2092 intellexit.

122 2140 295 2220 Aparotins
316 2141 401 2206 euim
424 2142 631 2224 neglegentia
654 2140 876 2222 epitomatoris
900 2140 1046 2219 omissus
1074 2141 1128 2221 qni
1151 2159 1171 2204 a
1193 2141 1291 2204 borea

125 2268 258 2315 exorsus
278 2258 370 2317 rento
395 2261 505 2319 austro
530 2253 686 2334 opposito,
716 2258 751 2318 ut
779 2253 878 2317 latins
906 2254 1040 2333 patebat
1063 2251 1131 2317 cius
1154 2249 1291 2316 nominis

126 2359 187 2441 viS,
209 2360 346 2445 singulos
369 2370 483 2431 ventos
506 2365 655 2446 deinceps
679 2366 850 2431 secundum
878 2364 1009 2446 genuini
1036 2363 1111 2428 libri
1139 2381 1292 2427 commen-

125 2472 272 2539 tationem
295 2477 504 2556 enumeravit,
533 2477 698 2557 aparctias
722 2496 797 2541 vero
826 2477 954 2543 diversa
981 2475 1110 2540 nomina
1138 2473 1291 2555 colligere

121 2586 298 2665 supersedit
330 2593 420 2652 ratus
452 2589 585 2653 eundem
613 2607 683 2653 esse
710 2596 806 2669 atque
834 2590 973 2653 boream.
1026 2585 1118 2669 Quae
1146 2605 1216 2651 cum
1243 2585 1291 2649 ita

117 2695 183 2761 sint
204 2699 426 2764 contendimus
448 2700 483 2764 in
505 2700 670 2780 deperdito
695 2699 777 2764 libro
801 2701 983 2764 absolutum
1007 2698 1107 2762 fuisse
1127 2696 1290 2761 duodecim

116 2813 286 2875 ventorum
318 2816 468 2892 systema.
524 2812 635 2892 Atque
668 2831 706 2875 ex
739 2811 931 2876 Aristotelis
963 2810 1088 2875 ratione
1122 2815 1290 2874 ventorum

115 2919 234 3001 positio
250 2922 374 2987 tradita
390 2942 459 2988 esse
475 2923 612 3001 videtur,
637 2923 670 2987 id
686 2929 744 3004 est.
769 2923 874 3004 figura
890 2923 958 2999 illa,
975 2923 1016 2986 ad
1033 2940 1126 3003 quam
1144 2925 1292 3000 spectant

115 3032 150 3097 in
172 3032 344 3098 Meteorol.
370 3040 403 3100 et
430 3035 578 3118 singulae
606 3036 720 3100 literae
749 3036 864 3117 qnibus
891 3039 1011 3115 puncta
1033 3032 1171 3099 finitoris
1194 3031 1292 3113 insig-

119 3142 251 3209 niuntur
274 3152 306 3210 et
329 3147 407 3212 llaec
430 3148 530 3213 Verba
546 3168 576 3229 p.
594 3150 675 3212 zutlss·
690 3151 731 3212 Ξῖ)
757 3153 808 3217 ὄσ
830 3153 865 3217 δὲ
890 3155 1045 3237 περὶτῆς
1072 3158 1194 3225 deosum
1218 3143 1291 3230 ἅμα

116 3260 192 3335 τούς
215 3261 329 3343 λόγους
353 3264 388 3327 ἐκ
412 3267 467 3349 τῆς
492 3263 685 3351 ὑπογραφῆς
713 3274 859 3351 θεωρεῖν,
885 3259 1072 3340 quibuscum
1092 3256 1290 3336 conspirant:

116 3367 270 3449 ΕΧΟθΥΡῑ.
299 3371 386 3453 §35
420 3381 456 3440 ci
485 3376 524 3440 dt
550 3376 679 3452 στάσεις
708 3379 774 3441 τῶν
802 3375 1002 3458 πνευμάτων
1031 3371 1133 3449 οὕτως
1163 3371 1292 3454 ἔχουσιν

119 3479 164 3557 οἷς
188 3483 225 3549 ἕν
248 3487 294 3571 τῷ
317 3486 487 3572 γράμματι
517 3487 702 3574 ultimorum
736 3484 795 3548 illa
826 3483 932 3566 figura
963 3482 996 3547 in
1020 3481 1184 3562 deperdito
1208 3479 1290 3544 libro

71 3624 74 3631 ·
117 3589 238 3655 iterata
261 3600 345 3672 erat;
371 3614 452 3675 quiae
475 3615 551 3661 vero
575 3601 694 3677 porreta
710 3597 748 3660 M
764 3603 796 3660 ct
815 3596 844 3662 N
864 3596 950 3676 aliud
965 3593 1179 3659 Aristotelem
1195 3598 1291 3657 veruto

119 3702 280 3783 carebant,
306 3704 352 3769 eis
375 3706 539 3787 adscripta
563 3714 655 3772 erant
678 3708 807 3772 nomina
827 3711 1015 3788 λευκόνοτος
1032 3712 1066 3771 et
1083 3708 1291 3795 montuosos,

119 3830 252 3892 quorum
286 3817 375 3897 prius
409 3819 473 3884 iam
509 3819 724 3900 Theophrasti
756 3821 795 3884 de
829 3819 935 3885 ventis
970 3819 1051 3883 libro
1060 3823 1086 3902 ¹²)
1120 3817 1289 3897 probatur;

118 3924 274 3991 accedunt
300 3948 376 3994 vero
404 3949 444 3995 ex
471 3932 577 3997 altera
604 3936 697 4011 parte
722 3930 913 3996 Aristotelis
938 3944 1101 4018 μοιμκνας
1125 3948 1165 3993 ex
1188 3927 1293 3999 altera

117 4040 202 4101 teste
225 4038 413 4106 Alexandro
437 4042 718 4127 Aplrrodisiensi³)
742 4048 918 4126 λιβόνοιος.

227 4220 251 4284 ¹)
275 4226 386 4287 practer
411 4220 481 4273 alios
507 4223 584 4275 locos
612 4222 727 4274 maximi
746 4223 879 4274 momenti
904 4223 1038 4287 cst1'237,
1065 4221 1242 4295 ιῖστραπαῐος
1262 4222 1292 4273 d'a'

122 4312 247 4377 θμσκίας
266 4311 315 4360 καὶ
336 4308 474 4382 ᾰργὲστης
494 4312 542 4363 καὶ
562 4310 719 4381 (ἕπαρκτνάς
739 4314 787 4363 καὶ
805 4319 902 4383 μέσης.

223 4395 246 4455 ²)
265 4396 278 4455 Ξ
298 4392 329 4443 ll
349 4401 377 4448 oi
389 4394 446 4469 γτὶρ
461 4396 557 4470 >spurci
572 4397 652 4451 νότοι
666 4397 796 4471 καθάπερ
811 4401 919 4464 ἐτησίαι
931 4403 1008 4457 τινὲς
1021 4400 1097 4449 εἰσιν
1111 4395 1163 4447 orio
1176 4398 1295 4448 καλοῦσι

118 4476 315 4542 λενκονότονς.

224 4565 246 4627 ³)
265 4564 382 4618 Aristot.
404 4566 546 4619 Meteorol.
568 4568 610 4621 od.
634 4569 751 4620 ldelerl
772 4586 797 4635 p.
812 4569 863 4619 310
880 4572 958 4630 τινὲς
973 4568 1078 4641 μέντοι
1096 4574 1153 4621 τών
1168 4565 1295 4637 ὑστέρων

118 4653 167 4705 καὶ
186 4650 243 4706 rimi
262 4653 312 4707 τοῦ
330 4664 359 4708 Μ
377 4657 493 4722 λέγουσι
511 4663 596 4710 πνϊν
615 4655 665 4709 ιὸν
683 4654 854 4725 λιβόνοντον
873 4656 1052 4730 καλούμενον
1072 4657 1121 4707 καὶ
1144 4651 1192 4706 deri
1211 4659 1293 4711 τοῦτο

120 4736 237 4797 δώδεκα
256 4739 321 4803 τούς
340 4740 464 4814 (ἷνέμονς
482 4749 624 4797 ποιοῦσιν.
