2948 5160
683 268 906 336 *26*

205 465 320 560 ἥμερος
337 470 399 538 ἕοὲν
415 467 562 537 ὑπιοῦσα
579 468 646 537 ono
664 472 705 537 cci
723 487 815 555 γεῖσα
831 469 1151 557 οἶποπτερυγίζηται.
1167 523 1172 534 .
1187 524 1192 534 .
1205 464 1326 556 ὁμοίως
1344 469 1381 534 δὲ

206 595 266 648 καί
278 585 399 648 κολοιοὶ
415 592 471 647 καὶ
488 579 702 670 α’λεκτρυόνες
717 636 722 646 .
736 636 740 647 .
755 636 760 647 .
776 592 833 647 καὶ
845 583 980 669 ἓρωὸιός
994 635 999 645 .
1013 635 1019 646 .
1033 635 1038 647 .
1054 581 1117 647 ἐάν
1129 582 1186 646 ἐπὶ,
1199 581 1381 646 θάλατταν

195 691 385 778 ’πετόμενος
417 696 494 782 βοᾷ.
542 687 634 773 Quae
656 687 882 756 similitudines
905 709 983 755 sane
1014 707 1054 754 ex
1084 688 1242 754 communi
1273 688 1380 771 aliquo

206 801 295 867 fonte
317 805 443 868 tractae
465 821 535 868 esse
558 808 703 882 possunt.
744 801 780 869 si
803 821 879 869 vero
904 806 1039 883 quaerat
1061 800 1220 882 quispiam
1242 821 1317 866 num
1341 821 1382 866 ex

206 912 315 977 eodem
331 912 420 979 fonte
432 914 559 979 Aratus
575 914 740 997 signorum
756 913 899 979 ordinem
914 919 948 979 et
963 913 1203 994 dispositionem
1214 918 1381 979 mutuatus

206 1023 259 1103 sit,
293 1012 507 1090 confitendum
535 1030 585 1091 est
612 1044 664 1090 res
697 1025 816 1106 optimo
849 1025 969 1104 ordine,
1004 1030 1157 1106 quantum
1190 1024 1315 1105 quidem
1339 1026 1383 1090 ad

205 1142 333 1215 poetam
354 1141 487 1218 spectet,
512 1156 581 1203 esse
597 1138 782 1204 collocatas.
821 1138 906 1204 Nam
930 1138 978 1202 sol
1002 1143 1099 1219 atque
1121 1138 1199 1203 luna
1222 1157 1287 1202 una
1309 1156 1383 1203 cum

206 1248 435 1329 praesaepibus
458 1234 682 1333 digna'erant
708 1268 842 1330 quorum
865 1250 960 1332 signa
983 1269 1047 1315 una
1063 1248 1304 1315 continuatione
1328 1251 1384 1316 vel

205 1360 333 1440 pluvias
356 1362 410 1427 vel
433 1361 639 1427 serenitatem
666 1361 844 1428 indicantia
871 1361 1135 1427 describerentur.
1183 1363 1224 1426 In
1248 1361 1384 1443 reliquis

205 1471 430 1539 minutioribus
453 1475 549 1540 rebus
572 1493 635 1538 non
658 1473 722 1538 iam
745 1475 824 1538 haec
847 1472 931 1538 ratio
955 1474 1113 1554 placebat.
1161 1475 1272 1540 Minus
1296 1473 1384 1539 enim

205 1591 320 1664 poetae
348 1590 397 1650 est
424 1584 571 1669 singulas
603 1604 655 1650 res
688 1605 888 1664 coacervare,
922 1604 1015 1665 quam
1047 1605 1112 1651 una
1143 1586 1236 1667 quasi
1267 1587 1384 1652 tabula

204 1697 366 1776 procellae
388 1697 559 1781 imaginem
580 1697 752 1781 depingere
775 1703 809 1763 et
831 1696 1093 1778 quamplurimis
1116 1697 1218 1781 signis
1242 1703 1275 1764 et
1298 1698 1383 1764 caeli

205 1813 238 1873 et
261 1809 447 1875 animalium
471 1811 563 1891 quasi
586 1810 695 1876 voltus
715 1809 896 1875 describere
911 1809 1031 1890 pluviis
1048 1809 1383 1891 appropinquantibus

205 1928 238 1986 et
264 1922 379 1988 ventis.
431 1924 598 1988 Habemus
625 1921 727 2004 igitur
754 1922 894 1987 Aratum
922 1921 1056 2002 poeticis
1086 1921 1266 1988 rationibus
1299 1941 1383 1987 com-

205 2038 325 2100 motum
357 2038 394 2100 ut
425 2034 520 2117 signa
551 2034 723 2099 secuudum
757 2032 902 2098 effectum
934 2033 1128 2115 disponeret.
1175 2032 1269 2118 Quod
1296 2034 1382 2100 idem

205 2165 276 2211 cum
300 2146 422 2212 iaceret
437 2148 629 2227 Excerptor,
654 2164 717 2210 non
740 2150 848 2211 tamen
871 2164 950 2226 opus
967 2150 1016 2211 est
1032 2150 1176 2211 statuere
1191 2164 1263 2210 enm
1279 2146 1383 2212 Arati

205 2260 349 2340 exemplo
365 2260 425 2324 hoc
440 2259 569 2338 fecisse;
587 2257 684 2323 etiam
700 2259 805 2323 altera
821 2276 919 2323 causa
934 2257 1006 2336 fuit,
1024 2276 1080 2323 our
1096 2257 1190 2340 signa
1205 2258 1383 2323 secundum

205 2371 352 2436 effectum
380 2371 624 2437 collocarentur.
670 2369 844 2436 Enimvero
874 2389 945 2435 cum
967 2370 1021 2436 vel
1044 2370 1138 2452 signa
1162 2368 1314 2435 sublimia
1337 2372 1383 2436 ab

203 2483 404 2564 Excerptore
415 2481 589 2547 infeliciter
600 2482 778 2547 dilacerata
788 2481 854 2547 sint
869 2487 966 2565 atque
981 2481 1190 2564 prognostica
1206 2481 1385 2548 secundum

204 2593 351 2660 effectum
367 2595 494 2678 digesta
509 2593 637 2659 minime
652 2594 694 2659 ad
708 2612 800 2659 usum
813 2593 1007 2658 cotidianum
1023 2594 1191 2674 quadrent,
1208 2595 1383 2675 probatum

204 2705 271 2772 fere
303 2706 381 2771 mihi
411 2712 462 2771 est
488 2705 711 2787 philosophum
738 2705 904 2785 quendam,
938 2710 975 2770 ut
1001 2704 1088 2771 vires
1120 2711 1254 2788 agentes
1282 2711 1384 2787 atquc

204 2816 362 2899 principia
384 2818 579 2899 exploraret,
612 2817 711 2882 talem
743 2817 903 2898 syllogam
931 2821 989 2881 aut
1015 2814 1083 2881 suis
1106 2815 1208 2898 ipsius
1231 2816 1383 2884 manibus

203 2933 341 3010 autper
363 2928 554 3010 discipulum
582 2929 721 3013 aliquem
749 2927 811 2993 sibi
839 2946 1050 3008 comparasse.
1097 2928 1171 2993 Hac
1198 2947 1264 2993 uua
1292 2935 1384 2995 certe

202 3040 328 3111 ratione
355 3045 550 3106 excusantur
581 3059 688 3107 rerum
720 3040 796 3105 ordo
824 3057 956 3120 prorsus
978 3039 1160 3122 neglectus,
1185 3048 1252 3105 tam
1275 3041 1381 3107 multa

203 3151 333 3232 iterata,
357 3152 499 3236 vestigia
521 3152 639 3234 prioris
663 3170 823 3218 connexus
846 3171 910 3216 non
933 3151 1117 3217 obliterata.

309 3264 373 3332 Sed
383 3265 760 3331 redeamusadAratum.
785 3263 931 3332 Vidimus
942 3282 982 3328 ex
991 3263 1156 3348 signorum
1166 3262 1379 3331 collocatione

202 3376 282 3442 nihil
298 3377 384 3442 effici
401 3396 508 3458 posse;
529 3375 820 3458 circumspiciamus
834 3395 928 3456 nuuc,
948 3394 1024 3441 num
1038 3375 1152 3456 quibus
1167 3375 1241 3441 aliis
1259 3375 1383 3442 similu-

202 3488 330 3554 dinibns
358 3508 519 3572 cogamm,
549 3494 585 3555 ut
613 3498 832 3570 excerptorem
860 3493 1040 3553 statuamus
1065 3487 1166 3553 Arati
1193 3507 1323 3554 carmen
1347 3486 1382 3553 in

202 3620 294 3667 suum
325 3620 418 3667 usum
445 3601 592 3667 vertisse.
639 3602 751 3682 Atque
781 3599 816 3664 in
843 3598 981 3682 singulis
1008 3599 1218 3665 insistendum
1246 3618 1319 3665 esse
1347 3603 1382 3665 et

202 3712 314 3793 exeis
339 3733 420 3794 quae
441 3732 539 3795 supra
554 3712 799 3794 disputavimus
823 3715 960 3792 apparet
982 3717 1015 3776 et
1038 3730 1078 3776 ex
1094 3710 1194 3777 Rosci
1216 3710 1381 3777 sententia

203 3825 357 3907 sequitur,
381 3825 436 3907 qni
458 3824 532 3890 inde
555 3825 639 3905 quod
659 3829 691 3890 et
707 3824 833 3889 Aratus
856 3822 951 3906 signa
973 3841 1077 3904 pauca
1093 3825 1272 3905 praeberet,
1296 3841 1381 3904 quae

202 3936 326 4003 frustra
353 3937 438 4019 apud
466 3938 698 4018 Excerptorem
726 3939 965 4015 quaererentur,
997 3941 1030 4001 et
1056 3954 1168 4001 rursus
1195 3937 1380 4016 Excerptor

203 4050 368 4131 complura
384 4069 466 4131 quae
483 4049 582 4115 Arati
598 4048 738 4114 carmine
754 4048 933 4126 exalarent,
950 4046 1020 4112 iure
1036 4046 1194 4113 conclusit
1208 4050 1381 4126 utrumque

202 4162 244 4227 ad
259 4161 392 4227 eundem
407 4161 528 4227 fontem
544 4160 726 4227 revertisse.
762 4157 856 4243 Quod
877 4159 906 4223 si
921 4164 1028 4224 tamen
1044 4158 1115 4224 fieri
1130 4157 1237 4240 potuit
1251 4164 1289 4224 ut
1303 4176 1381 4223 non·
1417 4228 1423 4239 ,

201 4275 292 4339 nulla
315 4274 497 4355 Excerptor
524 4291 564 4337 ex
587 4271 687 4338 Arati
714 4271 855 4337 carmine
882 4270 1050 4351 delibaret,
1078 4272 1180 4338 verba
1206 4268 1380 4351 aliquoties

201 4385 315 4453 mirum
331 4385 364 4451 in
382 4386 508 4452 modum
524 4384 735 4468 congruentia
750 4390 786 4449 ut
802 4402 873 4448 eum
889 4382 1115 4450 convincamus
1126 4401 1191 4447 non
1202 4380 1378 4448 sufficiunt.
