2948 5160
672 275 715 284 .-
762 235 893 325 50:-

196 432 361 515 cerpsisse.
398 431 461 500 Sed
485 451 554 498 cum
570 432 763 499 Aristotelis
783 452 896 498 nomeu
912 433 980 498 t'ere
1001 432 1035 498 iu
1058 432 1121 498 fine
1143 432 1232 498 illius
1255 430 1373 498 indicis

195 545 352 611 insertum
394 544 447 624 sit,
494 544 709 626 Theophrasti
747 563 879 625 prorsus
917 544 1125 624 desideretur,
1165 563 1236 610 cum
1273 542 1375 610 index

196 663 372 735 auctorum,
406 655 433 720 si
466 654 603 734 omnino,
636 655 671 720 in
703 656 840 722 secundo
868 655 951 721 libro
979 657 1021 721 ad
1048 655 1153 721 fontes
1181 654 1375 736 aperiendos
1448 672 1451 677 ·

195 769 305 834 valere
328 768 485 847 videatur,
515 767 658 836 Varroni
680 767 823 832 tribuere
845 768 929 832 malo
953 773 1057 833 totum
1084 767 1166 832 illud
1194 772 1301 848 caput,
1330 767 1375 832 ad

196 897 288 961 quem
315 880 402 945 Rose
437 879 553 960 (Arist.
590 880 698 960 pseud.
733 899 763 960 p.
793 881 870 963 249)
902 879 1031 945 rettulit
1065 884 1163 960 caput
1194 881 1237 944 46
1272 878 1374 960 paulo

197 992 397 1057 antecedens.

679 1205 873 1212 ..—.--...—..

214 1494 306 1590 QUO
334 1493 553 1578 TEMPORE
580 1491 802 1577 scalprus
829 1493 901 1576 SIT
928 1492 1072 1578 LIBER
1099 1492 1159 1577 llll
1186 1492 1359 1578 sienis.

304 1668 470 1747 Excerpta
492 1671 604 1731 nostra
626 1665 660 1729 in
683 1665 844 1731 codicibus
867 1672 925 1730 aut
941 1666 1117 1732 Aristoteli
1139 1671 1197 1731 aut
1212 1684 1378 1748 anonymo

198 1778 394 1857 tribuuntur,
432 1777 505 1842 inde
536 1796 613 1843 vero
645 1779 686 1842 ab
719 1777 858 1843 editione
890 1777 1072 1843 Basileensi
1104 1798 1132 1843 a.
1169 1778 1252 1842 1541
1286 1777 1379 1843 inter

199 1889 414 1971 Theophrasti
438 1908 519 1970 quae
534 1895 652 1955 vocant
667 1889 790 1970 scripta
804 1889 928 1954 minora
947 1890 1035 1971 typis
1051 1889 1197 1955 mandari
1212 1889 1374 1955 solebant.

199 2003 294 2068 Nunc
321 2001 539 2083 quaestionem
571 2001 777 2067 instituamus
805 2001 870 2066 utri
898 2001 1111 2086 adjudicanda
1138 2001 1213 2067 sint.
1260 2001 1376 2083 Atque

199 2123 272 2195 post
305 2112 496 2179 Aristotelis
528 2112 782 2195 Meteorologica
814 2112 958 2179 libellum
990 2114 1029 2179 de
1061 2114 1163 2196 signis
1199 2132 1269 2178 esse
1303 2132 1377 2180 con·

200 2225 355 2305 scriptum
378 2225 449 2291 luce
472 2224 591 2290 clarius
614 2232 673 2304 est,
703 2244 773 2290 cum
800 2225 914 2308 negari
936 2245 1000 2291 non
1023 2225 1126 2306 possit
1148 2227 1375 2309 paragraphus

199 2337 296 2401 35-37
329 2335 397 2402 fere
428 2341 516 2401 totas
548 2355 587 2401 ex
619 2336 790 2402 Meteorol.
822 2336 860 2401 Π
893 2356 918 2402 c.
949 2339 978 2416 6,
1011 2339 1105 2402 16-22
1138 2357 1208 2403 esse
1239 2337 1374 2418 petitas.

201 2447 306 2531 Quam
329 2448 563 2513 conclusionem
585 2466 649 2512 non
672 2448 775 2513 solum
798 2448 832 2513 in
848 2454 999 2529 excerpta
1023 2450 1078 2514 sed
1101 2449 1198 2515 etiam
1213 2448 1247 2514 in
1263 2451 1377 2531 genui·

80 2584 88 2599 r
199 2578 275 2624 num
297 2558 389 2623 illurn
412 2559 451 2623 de
473 2559 593 2640 pluviis
616 2565 649 2625 et
664 2561 771 2626 ventis
787 2560 904 2626 librum
919 2561 1029 2626 valere
1051 2566 1084 2626 et
1106 2580 1147 2626 ex
1162 2561 1208 2626 cis
1224 2568 1374 2643 apparet,

201 2688 283 2751 quae
306 2688 403 2750 supra
426 2669 537 2735 multis
552 2670 660 2737 verbis
676 2671 822 2750 disserui,
847 2677 879 2736 et
902 2691 942 2736 en
957 2672 1046 2737 Plini
1069 2672 1125 2738 lib.
1141 2673 1179 2738 H
1195 2671 1303 2754 capite
1318 2674 1374 2751 48,

198 2781 254 2846 ubi
277 2800 340 2846 una
364 2780 604 2846 continuatione
627 2801 697 2848 cum
720 2783 798 2848 illae
820 2788 930 2864 partes
953 2784 1278 2867 Meteorologicorum
1302 2790 1374 2850 tum

201 2892 365 2973 complura
388 2893 556 2958 enuntiata
578 2895 794 2977 transscripta
817 2901 901 2974 sunt,
930 2896 1067 2977 quaein
1091 2895 1251 2978 excerptis
1274 2897 1373 2977 paulo

201 3010 278 3069 ante
304 3003 363 3069 illa
385 3004 589 3070 Aristotelea
616 3006 770 3089 leguntur
798 3007 850 3090 (cf.
875 3013 950 3072 sect.
980 3009 1041 3072 129
1070 3027 1140 3073 cum
1163 3014 1183 3092 ξ
1207 3010 1271 3092 33).
1322 3010 1371 3075 De

201 3121 345 3196 tempore
367 3116 477 3199 igitur,
502 3123 575 3197 post
591 3118 675 3198 quod
694 3118 887 3198 compositus
910 3118 954 3183 sit
976 3119 1059 3185 liber
1080 3119 1146 3199 ille,
1171 3121 1293 3203 ambigi
1311 3140 1367 3189 non

199 3233 315 3308 potest.
371 3227 548 3293 Difficilius
587 3234 637 3294 est
669 3229 807 3294 alterum
841 3231 993 3311 temporis
1031 3230 1126 3296 finem
1164 3231 1369 3300 constituere.

200 3339 311 3419 Atque
349 3344 385 3404 ut
424 3340 639 3420 perspiciatur
677 3341 805 3422 quantis
844 3341 1091 3408 difficultatibus
1129 3343 1256 3409 laboret
1293 3347 1374 3412 haec

199 3449 354 3530 quaestio,
379 3469 544 3531 exponam,
563 3452 638 3532 quid
653 3452 714 3519 viri
731 3453 816 3518 docti
832 3454 946 3520 dehac
962 3473 997 3519 re
1012 3454 1179 3521 senserint.
1213 3457 1244 3521 Ε
1260 3457 1374 3538 paucis

199 3567 330 3627 nostrae
346 3561 465 3627 aetatis
480 3562 561 3629 viris
577 3563 742 3643 litteratis
767 3565 821 3644 qui
837 3566 878 3630 ad
893 3571 1038 3631 nostrum
1053 3566 1093 3631 de
1108 3566 1210 3650 signis
1226 3568 1373 3635 libellum

127 3658 131 3665 ’
198 3673 421 3738 excutiendum
447 3674 687 3754 descenderunt,
716 3676 838 3756 primae
862 3676 1037 3744 Valentino
1066 3679 1153 3744 Rosa
1181 3679 1373 3747 deferendae
1462 3708 1466 3715 ·

199 3791 283 3864 sunt,
308 3785 361 3866 qui
384 3785 418 3850 in
434 3785 615 3851 Aristotele
634 3786 910 3871 pseudepigrapho
935 3794 977 3872 (p.
995 3791 1150 3876 243-254)
1174 3791 1242 3857 lere
1265 3794 1372 3859 omnia

199 3896 370 3979 congessit,
404 3916 485 3978 quae
517 3898 558 3963 ad
590 3899 816 3964 recensendum
843 3900 883 3964 de
910 3900 1011 3983 signis
1040 3901 1184 3968 libellum
1212 3909 1370 3985 spectant.

198 4008 233 4073 Is
257 4008 296 4073 de
318 4013 461 4088 tempore
483 4010 562 4074 haec
585 4011 683 4076 habet
707 4010 858 4092 „antiquo
874 4017 1018 4092 tempore
1041 4019 1073 4078 et
1088 4015 1311 4081 Alexandrino
1329 4058 1372 4066 —

196 4120 257 4185 hoc
280 4124 330 4184 est
352 4119 454 4184 multo
482 4128 559 4186 ante
581 4122 812 4203 Andronicum,
840 4123 932 4189 brevi
960 4129 1035 4189 ante
1058 4125 1271 4208 Hermippum
1294 4135 1373 4193 tem·

195 4248 273 4310 pore
288 4231 340 4297 vel
356 4230 455 4296 nullo.
493 4232 593 4298 Arati
609 4233 691 4299 enim
707 4234 879 4318 praesagia
894 4240 1021 4301 tantum
1044 4239 1146 4318 abest,
1170 4245 1207 4305 ut
1227 4258 1267 4305 ex
1286 4240 1370 4307 libro

196 4342 235 4406 de
258 4342 359 4425 signis
383 4342 437 4424 qui
460 4362 544 4409 nnnc
567 4344 671 4410 fertur
694 4365 846 4427 expressa
870 4347 945 4427 sint,
970 4353 1006 4413 ut
1029 4368 1100 4415 cum
1122 4349 1157 4415 in
1180 4350 1260 4432 ipsis
1274 4371 1372 4434 saepe
