2948 5160
685 295 911 358 ,ρο-

210 494 322 575 Atque
345 511 415 557 oum
440 492 631 557 Aristotelis
659 492 785 555 ratione
813 488 968 570 explicari
995 472 1172 570 figurarum
1201 488 1298 552 lunae
1321 484 1390 551 vim

208 601 488 687 meteorologieam
512 603 657 667 omnibus
682 602 777 666 facile
801 601 1034 682 persuadeatur
1060 600 1110 664 his
1135 600 1215 663 locis
1240 597 1388 664 collatis:

211 716 381 781 Meteol‘ol.
405 716 509 794 1115,
538 717 576 778 ld
602 715 707 798 (Idel.)
736 715 962 802 οἶσῧινιστέρα
992 716 1052 802 την
1081 715 1180 799 ηιῖσιν
1208 712 1243 800 (ἡ
1268 714 1390 800 σελήνη

210 836 267 898 τοῦ
291 830 399 918 ἡλίου)
424 826 506 896 ὥστε
529 845 659 919 κροιίἰῖν
683 833 741 895 ἰοῦ
770 827 875 917 οἷίρος,
904 825 942 887 (le
972 823 1092 888 ullilllal
1120 840 1228 903 gener.
1255 822 1307 887 IV
1335 823 1389 893 10,

210 960 239 1020 p.
277 940 357 1003 7th
383 940 424 1002 22
459 954 585 1023 γίνεται
619 940 639 1027 ἦ
675 940 791 1027 σελήνη
827 935 937 1026 ὥσπερ
972 935 1071 1015 ἄλλος
1106 935 1196 1024 ἣλιος
1224 937 1390 1013 ἐλάσσων,

211 1050 392 1115 Aristotele
429 1050 508 1115 duee
540 1049 757 1114 confusionem
790 1049 931 1115 levemus
966 1047 1143 1112 scribentes
1180 1047 1290 1137 ὥσπερ
1327 1042 1393 1115 οὖν

150 1158 153 1163 ’
209 1165 303 1252 ηλίον
319 1165 468 1256 ἔκλοιψις
483 1176 609 1246 γίνεται
627 1163 713 1228 accur*
730 1163 790 1228 ι’ὀν
814 1159 929 1246 ὅμοιον
951 1160 1074 1249 τρόπον
1098 1170 1155 1225 καὶ
1175 1163 1232 1246 τῆς
1249 1159 1391 1246 σελήνης

210 1276 411 1368 dudlmpug:
438 1272 679 1347 commutandae
703 1270 786 1335 enim
810 1276 884 1333 sunt
911 1269 997 1333 inter
1023 1286 1174 1335 seroces
1199 1269 1391 1359 οἶπόλειψις

209 1395 243 1448 et
271 1387 431 1477 ἔκλειψις,
460 1401 529 1448 oum
563 1382 760 1446 Aristoteles
787 1382 1090 1461 Theoplrrastusque
1127 1379 1285 1443 (detectum
1323 1398 1391 1443 non

209 1494 391 1575 exprimant
423 1495 485 1558 nisi
518 1513 596 1559 voce
628 1496 786 1587 dalaima,
821 1493 1020 1560 ιῖπολιιπειν
1053 1499 1159 1554 alutem
1190 1509 1316 1571 semper
1351 1491 1391 1555 de

209 1606 424 1671 deminutione
447 1605 566 1684 dicant,
598 1606 784 1699 dudlapug
811 1622 890 1668 voce
915 1605 972 1668 vix
996 1601 1094 1665 semel
1117 1608 1260 1665 utantur.
1311 1601 1392 1666 Sen-

210 1719 314 1782 tentia
346 1725 454 1782 autem
486 1718 564 1781 liaeo
597 1722 660 1781 est:
695 1734 756 1795 quo
789 1716 880 1779 modo
913 1715 991 1778 solis
1019 1714 1163 1777 delectus
1190 1712 1260 1776 fieri
1291 1714 1388 1793 solet

209 1831 329 1894 eodem
342 1828 498 1894 decrescit
521 1828 607 1906 luna,
631 1829 762 1892 tertium
786 1846 862 1892 vero
888 1824 1136 1906 comparationis
1160 1825 1243 1906 quod
1267 1824 1390 1890 dicitur

209 1947 285 2006 sunt
321 1941 482 2021 procellae
518 1947 551 2003 et
583 1940 721 2020 pluviae,
755 1958 837 2019 quae
869 1938 1072 2015 usuveniunt,
1110 1936 1291 2016 ubieunque
1330 1937 1388 2001 lux

209 2053 412 2121 derninuitur.
446 2051 600 2117 Sordibus
623 2051 725 2132 igitur
747 2050 886 2115 sublatis
909 2049 1027 2130 optime
1051 2049 1138 2112 cadit
1160 2054 1263 2112 totum
1289 2066 1388 2113 enun-

208 2165 324 2229 tiatum
347 2165 420 2228 inde
443 2184 463 2227 ‘a
486 2165 506 2253 ἤ
530 2167 594 2253 γάρ
619 2166 736 2252 σελήνη
757 2204 800 2209 -
816 2166 875 2231 adr
897 2164 1100 2249 βουλόμενον
1116 2163 1385 2252 προγιγνώσκειν,

210 2278 294 2355 quod
317 2283 413 2340 antea
432 2276 522 2340 omni
544 2274 629 2338 iusto
658 2294 742 2338 nexu
770 2292 880 2339 carere
903 2274 1082 2338 videbatur.
1130 2272 1251 2336 Eodem
1277 2278 1387 2337 autem

210 2394 313 2453 totum
346 2390 450 2452 locum
482 2387 603 2451 referre
634 2387 741 2466 velim,
775 2387 858 2450 unde
890 2386 922 2449 in
955 2384 1135 2466 traginento
1166 2384 1224 2462 „de
1254 2385 1385 2448 ventis“

207 2500 455 2580 transscriptum
488 2501 640 2564 habemus
673 2505 692 2582 ξ
725 2501 773 2563 li.
803 2516 892 2566 ποιοῖ
923 2502 958 2565 δὲ
993 2509 1049 2564 καὶ
1077 2497 1098 2585 ἡ
1127 2498 1244 2584 σελήνη
1273 2496 1386 2565 scrico?

208 2615 296 2700 πλην
319 2613 379 2697 οὐχ
396 2612 515 2698 ὁμοίως
533 2631 539 2642 ’
558 2613 626 2681 οἷον
647 2614 711 2702 γοέρ
728 2613 877 2698 (indende
895 2608 988 2699 ἥλιός
1004 2612 1072 2675 ἐστι
1092 2628 1097 2637 “
1115 2610 1167 2673 διδ
1185 2618 1242 2674 aad
1255 2609 1386 2698 νύκτωρ

208 2726 390 2815 δεινότεροι
414 2736 471 2790 aad
496 2731 531 2790 αἱ
557 2725 688 2792 σύνοδοι
711 2727 779 2790 τῶν
801 2726 915 2810 μηνοῖν
937 2719 1212 2810 χιιμερινοόϊεραι,
1241 2715 1261 2780 i.
1289 2735 1317 2782 θ.
1344 2718 1386 2781 all

208 2831 424 2911 Theophrasti
448 2850 527 2912 opus
550 2833 589 2896 de
611 2832 730 2912 pluviis
754 2839 787 2895 et
810 2832 916 2896 ventis
940 2833 1137 2909 inscriptum.

314 2944 453 3008 Prorsus
481 2944 656 3024 singularis
684 2951 781 3023 atque
809 2942 902 3006 unica
929 2943 1060 3006 intuta
1088 2941 1255 3004 literarum
1283 2939 1384 3005 Grac

207 3074 315 3119 earum
344 3055 428 3122 silva
460 3057 683 3120 commentatio
717 3056 756 3119 de
789 3063 966 3134 temporum
998 3051 1191 3117 dichotomia
1224 3052 1377 3131 sequitur.

207 3166 340 3246 Triplex
363 3176 413 3232 est
436 3168 646 3232 dichotomiae
670 3186 780 3250 genus,
809 3187 872 3247 qua
895 3175 952 3230 aut
975 3185 1077 3230 annus
1101 3171 1159 3228 aut
1182 3168 1304 3228 mensis
1326 3170 1374 3228 aut

207 3279 274 3343 dies
298 3279 461 3345 dividitur.
497 3282 608 3360 Atque
631 3299 748 3344 annum
772 3280 897 3359 quidem
920 3289 971 3343 ter
994 3278 1192 3342 dimidiatum
1216 3277 1377 3351 habemus,

206 3390 328 3470 primus
355 3391 525 3456 Pleiadum
553 3392 760 3472 apparentiis,
790 3393 961 3456 secundum
994 3389 1213 3469 aequinoctiis,
1246 3387 1382 3452 tertium

207 3502 365 3566 solstitiis.
414 3504 455 3567 In
477 3523 560 3568 anno
585 3510 691 3568 antem
719 3503 888 3568 dividendo
913 3503 1032 3567 diserte
1055 3501 1234 3565 affirmatur
1258 3499 1294 3564 id
1315 3500 1382 3581 agi,

207 3621 242 3679 ut
265 3616 358 3694 palia
384 3615 559 3681 intervalla
586 3617 725 3681 evadant
747 3628 767 3699 ς’
792 3619 811 3679 lt
837 3619 907 3685 dno*
936 3620 1000 3704 γιὶρ
1031 3619 1153 3693 (λύσεως
1180 3626 1275 3702 μέχρι
1301 3612 1383 3681 οἶνοι·

205 3732 300 3817 τολῆς
324 3732 360 3796 τό
386 3729 486 3818 η’μισο
509 3736 567 3797 τοῦ
591 3734 744 3799 dacaru-015
769 3735 858 3800 ἐστίν
877 3752 882 3762 ·
901 3730 980 3799 ὦσιν
1003 3737 1080 3819 δίχα
1104 3746 1257 3820 adprecor
1275 3733 1295 3799 ό
1310 3738 1383 3813 ποῖς

205 3844 319 3932 χρόνος
340 3844 482 3931 ’ὁμοίως
506 3847 541 3910 dd
566 3857 623 3911 κοιῑ
647 3853 682 3911 αἱ
707 3857 827 3933 ι’ροιιιιῐ
851 3857 907 3911 καὶ
924 3853 1088 3936 ἰσημιριίιι
1106 3855 1267 3919 ποιοῦσιν.
1306 3851 1381 3935 Quo

206 3972 268 4017 uno
293 3955 425 4018 consilio
454 3974 524 4019 cum
553 3961 677 4019 constet
705 3955 801 4019 etiam
825 3958 995 4020 Erulorum
1024 3959 1055 4020 in
1080 3977 1114 4021 se
1137 3959 1314 4039 admisisse,
1345 3968 1381 4027 ut

206 4083 317 4130 cursus
351 4067 467 4130 solaris
499 4067 691 4131 anomaliam
728 4068 915 4149 neglegeret
953 4088 1069 4134 annum
1108 4073 1158 4135 his
1196 4073 1380 4138 intervallis

206 4196 318 4241 secans
342 4178 464 4241 dierum
485 4181 536 4256 91,
562 4182 613 4257 92,
639 4182 691 4257 91,
717 4182 757 4243 91
783 4184 895 4264 192),“)
925 4181 1021 4247 liceat
1041 4184 1265 4264 explicationis
1281 4204 1380 4250 causa

310 4341 329 4406 ¹)
352 4339 381 4388 ln
402 4354 511 4406 papyro
535 4341 589 4405 oui,
613 4341 744 4403 Εὐδόξου
764 4350 846 4415 τέχνη
872 4341 1035 4409 inscriptum
1056 4354 1108 4411 est,
1134 4347 1287 4409 (Waelrsm.
1305 4347 1376 4413 Lyd.

207 4440 233 4492 p.
255 4424 318 4490 275)
338 4425 402 4475 aum
421 4432 531 4490 tempus
549 4426 634 4490 39594
653 4426 712 4479 dies
732 4429 878 4480 corninens
898 4430 1004 4496 (jouru.
1025 4431 1074 4481 ilos
1094 4449 1152 4485 sav.
1174 4433 1276 4486 colum.
1295 4434 1312 4484 3
1332 4438 1379 4491 δἐἰ
