2948 5160
623 549 846 613 ..111-

149 749 280 831 Semper
307 748 391 814 enim
419 726 592 816 communis
619 745 677 811 ille
702 746 775 812 fons
807 744 840 810 in
873 750 1057 812 causaest.
1104 746 1178 812 Uno
1206 745 1323 812 iudicio

148 861 385 944 deprehendere
407 877 570 940 possemus
593 857 846 939 compilatorem
872 857 900 922 si
922 859 1023 924 verba
1045 857 1079 923 in
1100 857 1261 939 excerptis
1276 857 1323 922 in·

146 973 340 1050 veniremus,
368 966 500 1052 quorum
527 969 671 1051 poeticus
699 971 787 1060 color
813 989 876 1035 non
904 968 967 1035 nisi
996 969 1037 1034 ad
1065 968 1167 1034 Arati
1194 987 1323 1034 carmen

148 1084 271 1153 redeat.
307 1085 418 1164 Atque
440 1101 475 1147 re
493 1100 572 1149 vera
591 1101 655 1148 nou
674 1077 1324 1164 11111111111111111111111111111111

150 1215 220 1262 esse
247 1195 405 1274 videnlur,
438 1193 562 1261 scilicet
594 1200 626 1278 (ξ
653 1195 705 1280 15)
738 1197 904 1281 χελιδόνες
931 1200 972 1294 τῇ
999 1206 1114 1285 γαστρὶ
1141 1196 1323 1263 τύπτουσαι

149 1311 210 1388 τοὶς
226 1313 344 1396 λίμνας
359 1306 534 1387 respondet
549 1325 580 1373 V.
595 1307 660 1371 944
676 1311 795 1396 λίμνην
811 1319 886 1398 πέρι
904 1363 908 1373 .
927 1363 953 1374 ..
972 1308 1138 1392 χελιδόνες
1151 1312 1322 1375 αἴσσονται
1389 1356 1393 1363 -

151 1433 281 1510 γαστέρι
304 1422 486 1489 τύπτουσαι
514 1421 614 1498 alque
642 1417 752 1485 confer
779 1423 810 1502 (ξ
835 1419 889 1502 29)
913 1421 1077 1487 θάλασσα
1105 1420 1242 1487 οἶύούσα
1266 1430 1324 1485 καὶ

150 1533 250 1600 οἶκταῐ
269 1537 404 1613 ,βοῶσαι
433 1542 490 1599 καὶ
519 1533 672 1616 αἰγιαλός
699 1531 791 1621 ἠχῶν
823 1549 895 1596 cum
923 1550 953 1596 V.
980 1531 1044 1594 909
1068 1529 1099 1594 ff.
1129 1533 1322 1599 οἰδαίνουσα

148 1646 309 1711 θάλασσα
328 1698 374 1710 ...
391 1645 521 1733 μακρύν
537 1645 590 1711 ἐπ’
607 1645 754 1728 αἰγιαλοὶ
769 1643 941 1724 βοόωντες,
959 1642 1061 1710 οἷκταῐ
1075 1654 1103 1710 τ’
1121 1644 1282 1711 έινοῖλιοι.
1297 1697 1321 1711 ..

145 1755 314 1845 η’χήεσσαι,
332 1759 364 1838 (ὅ
374 1754 430 1837 34)
443 1756 525 1846 πρὸς
538 1759 677 1845 κορυφῆς
689 1753 782 1845 όρους
795 1755 928 1823 ὁπόθεν
944 1752 990 1823 όν
1006 1757 1123 1843 νεφέλη
1139 1756 1324 1843 μηκύνηται

146 1885 219 1931 cum
242 1885 273 1933 V.
304 1867 370 1931 920
402 1864 425 1956 ἢ
458 1870 575 1956 νεφέλη
609 1864 700 1957 όρεος
726 1869 909 1956 μηκύνεται
936 1869 973 1935 έν
996 1871 1183 1964 κορυφῇσιν,
1212 1869 1244 1947 (ξ
1267 1864 1323 1949 42)

145 1984 225 2065 μύες
249 1983 411 2067 τρίζοντος
434 1989 491 2046 καὶ
515 1978 707 2068 ὀρχούμενοι
731 1978 959 2065 (1111111132
982 1980 1062 2065 μύες
1085 1978 1322 2068 τετριγότες...

148 2091 292 2170 ε’όικότες
329 2089 555 2181 όρχηθμοῑσιν,
592 2094 612 2172 ξ
643 2089 687 2152 42
723 2101 826 2180 τέφρα
863 2073 1051 2180 πηννυμένη
1087 2092 1220 2176 νιφετόν
1252 2107 1324 2153 cum

150 2221 181 2266 v.
209 2201 293 2266 1038
322 2200 430 2268 αἐικέϊ
447 2214 545 2299 τέφρη
570 2213 759 2300 πηννομένη
793 2207 926 2288 νιφετοῦ
957 2203 1202 2293 έπιτεκμήραιο.
1261 2200 1325 2266 Sed

152 2313 305 2377 11111111
327 2310 444 2392 poetici
466 2311 622 2378 sermonis
645 2311 801 2393 reliquiae
823 2311 858 2377 iu
877 2311 924 2378 eis
940 2317 1163 2393 excerptorum
1179 2310 1326 2393 partibus

153 2429 324 2490 occurrant
346 2442 479 2504 quarum
503 2424 581 2489 ordo
604 2423 733 2489 minime
756 2423 920 2504 conspirat
943 2443 1014 2489 cum
1030 2424 1156 2489 Arateo
1180 2427 1324 2508 (excepto

152 2534 252 2616 primo
276 2535 345 2600 loco
368 2541 388 2619 ξ
415 2537 478 2619 15),
503 2536 560 2602 vix
583 2555 681 2601 causa
703 2535 782 2619 fingi
805 2540 923 2616 potest,
949 2554 1004 2601 cur
1026 2541 1204 2617 excerptor,
1233 2554 1325 2616 quem

151 2645 282 2728 quaevis
304 2646 426 2730 pagiua
442 2653 599 2729 coarguet
615 2646 780 2713 celerrime
796 2653 861 2713 tam
878 2667 980 2729 parva
995 2646 1166 2730 diligentia
1180 2646 1326 2712 libellum

148 2764 294 2824 nostrum
317 2758 555 2841 conscripsisse,
580 2765 617 2824 ut
639 2760 824 2841 plerumque
848 2759 989 2825 auctoris
1010 2760 1110 2826 verba
1133 2765 1289 2839 seruaret,
1304 2766 1324 2844 ¹)

149 2889 206 2936 cur
229 2870 398 2936 admodum
421 2889 524 2952 pauca
552 2871 723 2937 enunciata
751 2872 792 2937 ud
823 2872 921 2938 Arati
944 2890 1122 2937 sermonem
1145 2871 1327 2937 accomoda

149 2983 244 3062 verit,
268 2988 381 3048 contra
403 2983 493 3048 nullo
517 3002 625 3048 corum
640 2984 880 3064 vocabulorum,
905 3002 987 3064 qnae
1010 2983 1066 3048 uni
1081 2984 1187 3049 Arato
1210 2987 1327 3065 poetae

151 3093 327 3161 vindicavit
342 3095 383 3163 V.
401 3094 511 3160 Loebe
528 3095 579 3178 (de
594 3095 774 3161 elocutione
789 3095 899 3176 Arati,
923 3096 1002 3161 Hal.
1019 3094 1079 3160 dis.
1097 3096 1162 3181 64),
1183 3094 1325 3160 exhibito

153 3223 216 3271 nou
236 3207 333 3271 semel
353 3207 455 3273 verba
477 3207 658 3288 protulerit,
684 3207 851 3275 admodum
872 3206 1058 3290 peculiaria,
1083 3209 1124 3272 ab
1139 3208 1239 3273 Arati
1263 3225 1326 3272 ser·

152 3334 243 3382 mone
268 3336 401 3399 prorsus
418 3317 548 3385 aliena:
582 3326 603 3404 ξ
633 3322 683 3401 11,
713 3322 765 3401 26,
794 3321 837 3386 50
866 3335 1053 3408 καυματίας
1081 3319 1165 3400 quod
1191 3323 1326 3386 verbum

150 3427 276 3494 omnino
300 3429 333 3494 in
357 3429 516 3511 excerptis
532 3437 659 3497 tantum
678 3431 851 3512 invenitur,
877 3431 1326 3525 1111εκαιιματηρόςκουμα-

148 3543 254 3630 τιόὸης
283 3547 466 3622 usurpatur,
497 3544 538 3608 ab
566 3543 673 3609 Arato
703 3548 932 3636 ἐρευθόμενος,
961 3548 1101 3636 έρευθής
1119 3559 1214 3632 ,μείς
1242 3543 1327 3625 apud

149 3669 247 3716 unum
270 3659 499 3734 excerptorem,
528 3657 612 3736 quod
636 3675 695 3740 ego
720 3656 845 3738 quidem
869 3655 1013 3739 legerim,
1042 3656 1082 3721 de
1104 3655 1182 3721 luna
1204 3656 1327 3721 falcata

149 3761 387 3848 dicitur§12,
419 3766 470 3844 13,
499 3768 551 3846 27,
581 3769 633 3833 51.
664 3773 817 3850 κοιλάδες
841 3777 1007 3861 (νεφέλαι)
1032 3778 1052 3856 ξ
1076 3774 1128 3852 32,
1160 3772 1200 3836 51
1232 3791 1327 3852 quam

148 3873 284 3939 formam
308 3894 463 3958 nusquam
487 3877 569 3945 alias
593 3880 735 3962 reperire
750 3882 849 3962 potui.
888 3883 984 3968 Quid,
1009 3885 1092 3966 quod
1117 3888 1230 3949 extant
1253 3902 1328 3948 non·

103 4008 106 4013 ¹
148 3990 240 4055 nulla
256 3996 389 4057 ornatae
407 3989 563 4055 orationis
578 3992 728 4075 vestigia,
746 4013 828 4074 quae
843 4013 1034 4076 quamquam
1052 3996 1177 4077 poetico
1191 3995 1327 4078 quodam

149 4103 265 4168 colore
278 4102 382 4168 tincta
406 4108 491 4187 sunt,
516 4102 639 4169 frustra
662 4105 747 4186 apud
771 4107 913 4172 Aratum
937 4112 1135 4188 quaeruntur
1158 4114 1178 4192 ξ
1205 4111 1244 4173 16
1270 4114 1328 4179 ἐπὶ

150 4229 273 4317 πέτρας
297 4214 339 4305 ἣν
362 4222 451 4303 κύμα
476 4219 686 4299 κατακλύζει,
711 4223 730 4299 ξ
757 4219 794 4282 17
820 4224 936 4288 πολλοὶ
960 4221 1138 4320 ύπερβολῇ,
1163 4225 1183 4302 ξ
1210 4221 1259 4300 19,
1284 4221 1328 4285 40

153 4353 269 4360 ——-—

254 4423 275 4485 ¹)
301 4429 404 4490 quante
428 4423 482 4473 fide
506 4430 654 4490 excerptor
678 4425 901 4492 transscripserit
925 4441 996 4492 quae
1021 4427 1081 4491 ipse
1106 4425 1221 4491 invenit,
1247 4425 1327 4494 signa

151 4522 205 4559 nos
224 4507 326 4561 docent
350 4507 468 4560 diversis
495 4509 564 4560 locis
590 4509 703 4562 iterata:
730 4511 850 4575 11127
875 4512 926 4567 ἐόν
946 4511 1163 4584 όρι1ός...καὶ
1189 4512 1328 4575 εὔκυκλος

150 4594 307 4660 1111138,
333 4597 345 4658 1,
371 4595 407 4664 194
431 4594 446 4648 ό
466 4607 565 4659 σπίνος
584 4613 646 4648 cum
673 4599 684 4660 Ξ
710 4597 743 4649 23
761 4603 788 4649 11
814 4599 887 4664 140,
911 4597 1088 4662 143ἲλθιος
1112 4603 1161 4654 καὶ
1183 4599 1327 4673 Ὄλυμπος

150 4685 199 4736 καὶ
221 4680 291 4744 ὅλως
310 4696 372 4732 cum
391 4685 403 4747 Ξ
422 4682 464 4734 ul.
