<?xml version="1.0" encoding="UTF-8"?>
<!DOCTYPE html PUBLIC "-//W3C//DTD XHTML 1.0 Transitional//EN"
    "http://www.w3.org/TR/xhtml1/DTD/xhtml1-transitional.dtd">
<html xmlns="http://www.w3.org/1999/xhtml" xml:lang="en" lang="en">
 <head>
  <title>
</title>
<meta http-equiv="Content-Type" content="text/html;charset=utf-8" />
  <meta name='ocr-system' content='tesseract 3.04.00' />
  <meta name='ocr-capabilities' content='ocr_page ocr_carea ocr_par ocr_line ocrx_word'/>
</head>
<body>
  <div class='ocr_page' id='page_1' title='image "./detheophrasteis00boehgoog_0014.png"; bbox 0 0 2948 5160; ppageno 0'>
   <div class='ocr_carea' id='block_1_1' title="bbox 114 792 1434 2106">
    <p class='ocr_par' dir='ltr' id='par_1_1' title="bbox 114 792 1434 2106">
     <span class='ocr_line' id='line_1_1' title="bbox 169 792 1344 874; baseline -0.004 -11"><span class='ocrx_word' id='word_1_1' title='bbox 169 798 303 863; x_wconf 89' lang='lat' dir='ltr'>choatus</span> <span class='ocrx_word' id='word_1_2' title='bbox 330 796 383 863; x_wconf 91' lang='grc'>111</span> <span class='ocrx_word' id='word_1_3' title='bbox 410 794 589 861; x_wconf 87' lang='lat' dir='ltr'>mutilatus.</span> <span class='ocrx_word' id='word_1_4' title='bbox 637 794 783 861; x_wconf 84' lang='lat' dir='ltr'>Secundo</span> <span class='ocrx_word' id='word_1_5' title='bbox 817 795 886 860; x_wconf 91' lang='lat' dir='ltr'>loco</span> <span class='ocrx_word' id='word_1_6' title='bbox 921 792 1158 860; x_wconf 87' lang='lat' dir='ltr'>diiudicandum</span> <span class='ocrx_word' id='word_1_7' title='bbox 1189 797 1249 872; x_wconf 83' lang='lat' dir='ltr'>est,</span> <span class='ocrx_word' id='word_1_8' title='bbox 1282 812 1344 874; x_wconf 87' lang='lat' dir='ltr'>quo</span> 
     </span>
     <span class='ocr_line' id='line_1_2' title="bbox 114 905 1344 989; baseline -0.002 -16"><span class='ocrx_word' id='word_1_9' title='bbox 114 907 116 911; x_wconf 66' lang='grc'><em>”</em></span> <span class='ocrx_word' id='word_1_10' title='bbox 169 908 239 974; x_wconf 84' lang='grc'><strong>1111</strong></span> <span class='ocrx_word' id='word_1_11' title='bbox 261 908 520 989; x_wconf 78' lang='lat' dir='ltr'><strong>Theophrastum</strong></span> <span class='ocrx_word' id='word_1_12' title='bbox 547 906 616 972; x_wconf 91' lang='lat' dir='ltr'>eius</span> <span class='ocrx_word' id='word_1_13' title='bbox 645 912 810 972; x_wconf 76' lang='lat' dir='ltr'>auctorem</span> <span class='ocrx_word' id='word_1_14' title='bbox 833 924 904 972; x_wconf 87' lang='lat' dir='ltr'>esse</span> <span class='ocrx_word' id='word_1_15' title='bbox 931 905 1151 971; x_wconf 80' lang='lat' dir='ltr'>contendatur.</span> <span class='ocrx_word' id='word_1_16' title='bbox 1199 905 1284 971; x_wconf 89' lang='lat' dir='ltr'>Nam</span> <span class='ocrx_word' id='word_1_17' title='bbox 1307 910 1344 970; x_wconf 94' lang='lat' dir='ltr'>ut</span> 
     </span>
     <span class='ocr_line' id='line_1_3' title="bbox 170 1015 1345 1098; baseline -0.002 -14"><span class='ocrx_word' id='word_1_18' title='bbox 170 1021 208 1084; x_wconf 90' lang='lat' dir='ltr'>dc</span> <span class='ocrx_word' id='word_1_19' title='bbox 232 1019 377 1084; x_wconf 88' lang='lat' dir='ltr'>omnibus</span> <span class='ocrx_word' id='word_1_20' title='bbox 400 1018 451 1098; x_wconf 85' lang='lat' dir='ltr'>his</span> <span class='ocrx_word' id='word_1_21' title='bbox 474 1019 569 1084; x_wconf 89' lang='lat' dir='ltr'>rebus</span> <span class='ocrx_word' id='word_1_22' title='bbox 591 1016 626 1082; x_wconf 94' lang='lat' dir='ltr'>in</span> <span class='ocrx_word' id='word_1_23' title='bbox 650 1022 964 1097; x_wconf 89' lang='lat' dir='ltr'>utramquepartem</span> <span class='ocrx_word' id='word_1_24' title='bbox 989 1016 1162 1097; x_wconf 78' lang='lat' dir='ltr'>disceptari</span> <span class='ocrx_word' id='word_1_25' title='bbox 1185 1015 1289 1097; x_wconf 87' lang='lat' dir='ltr'>possit</span> <span class='ocrx_word' id='word_1_26' title='bbox 1312 1022 1345 1082; x_wconf 93' lang='lat' dir='ltr'>et</span> 
     </span>
     <span class='ocr_line' id='line_1_4' title="bbox 169 1127 1345 1196; baseline -0.003 0"><span class='ocrx_word' id='word_1_27' title='bbox 169 1138 288 1196; x_wconf 85' lang='lat' dir='ltr'>natura</span> <span class='ocrx_word' id='word_1_28' title='bbox 323 1129 427 1196; x_wconf 89' lang='lat' dir='ltr'>libelli</span> <span class='ocrx_word' id='word_1_29' title='bbox 462 1128 552 1194; x_wconf 87' lang='lat' dir='ltr'>illius</span> <span class='ocrx_word' id='word_1_30' title='bbox 595 1128 735 1194; x_wconf 83' lang='lat' dir='ltr'>efficitur</span> <span class='ocrx_word' id='word_1_31' title='bbox 771 1133 804 1194; x_wconf 89' lang='lat' dir='ltr'>et</span> <span class='ocrx_word' id='word_1_32' title='bbox 841 1128 1045 1194; x_wconf 86' lang='lat' dir='ltr'>librariorum</span> <span class='ocrx_word' id='word_1_33' title='bbox 1085 1127 1258 1193; x_wconf 83' lang='lat' dir='ltr'>oscitantia</span> <span class='ocrx_word' id='word_1_34' title='bbox 1292 1129 1345 1194; x_wconf 90' lang='lat' dir='ltr'>vel</span> 
     </span>
     <span class='ocr_line' id='line_1_5' title="bbox 169 1238 1434 1333; baseline -0.002 -26"><span class='ocrx_word' id='word_1_35' title='bbox 169 1241 291 1321; x_wconf 85' lang='lat' dir='ltr'>fraude,</span> <span class='ocrx_word' id='word_1_36' title='bbox 315 1242 369 1323; x_wconf 91' lang='lat' dir='ltr'>qui</span> <span class='ocrx_word' id='word_1_37' title='bbox 391 1260 462 1306; x_wconf 94' lang='lat' dir='ltr'>eum</span> <span class='ocrx_word' id='word_1_38' title='bbox 484 1240 604 1322; x_wconf 91' lang='lat' dir='ltr'>partim</span> <span class='ocrx_word' id='word_1_39' title='bbox 628 1241 697 1306; x_wconf 91' lang='lat' dir='ltr'>sine</span> <span class='ocrx_word' id='word_1_40' title='bbox 719 1239 860 1305; x_wconf 87' lang='lat' dir='ltr'>auctoris</span> <span class='ocrx_word' id='word_1_41' title='bbox 876 1238 1003 1304; x_wconf 88' lang='lat' dir='ltr'>nomine</span> <span class='ocrx_word' id='word_1_42' title='bbox 1017 1239 1136 1320; x_wconf 83' lang='lat' dir='ltr'>purtim</span> <span class='ocrx_word' id='word_1_43' title='bbox 1152 1238 1344 1333; x_wconf 87' lang='lat' dir='ltr'>Aristotelis</span> <span class='ocrx_word' id='word_1_44' title='bbox 1431 1276 1434 1287; x_wconf 90' lang='lat'>·</span> 
     </span>
     <span class='ocr_line' id='line_1_6' title="bbox 170 1349 1343 1436; baseline -0.001 -19"><span class='ocrx_word' id='word_1_45' title='bbox 170 1353 295 1418; x_wconf 74' lang='lat' dir='ltr'>nonii-ne</span> <span class='ocrx_word' id='word_1_46' title='bbox 317 1353 506 1434; x_wconf 86' lang='lat' dir='ltr'>inscriptum</span> <span class='ocrx_word' id='word_1_47' title='bbox 522 1351 615 1417; x_wconf 87' lang='lat' dir='ltr'>nobis</span> <span class='ocrx_word' id='word_1_48' title='bbox 630 1350 839 1433; x_wconf 88' lang='lat' dir='ltr'>reliquerunt.</span> <span class='ocrx_word' id='word_1_49' title='bbox 851 1358 873 1436; x_wconf 88' lang='lat'>¹)</span> <span class='ocrx_word' id='word_1_50' title='bbox 906 1350 1046 1416; x_wconf 89' lang='lat' dir='ltr'>Accedit</span> <span class='ocrx_word' id='word_1_51' title='bbox 1060 1349 1191 1431; x_wconf 88' lang='lat' dir='ltr'>iusuper</span> <span class='ocrx_word' id='word_1_52' title='bbox 1206 1349 1343 1431; x_wconf 91' lang='lat' dir='ltr'>suspitio</span> 
     </span>
     <span class='ocr_line' id='line_1_7' title="bbox 169 1461 1343 1547; baseline -0.002 -18"><span class='ocrx_word' id='word_1_53' title='bbox 169 1471 312 1530; x_wconf 91' lang='lat' dir='ltr'>nostrum</span> <span class='ocrx_word' id='word_1_54' title='bbox 336 1465 374 1529; x_wconf 93' lang='lat' dir='ltr'>de</span> <span class='ocrx_word' id='word_1_55' title='bbox 397 1464 500 1547; x_wconf 80' lang='lat' dir='ltr'>siguis</span> <span class='ocrx_word' id='word_1_56' title='bbox 516 1468 693 1528; x_wconf 86' lang='lat' dir='ltr'>tractatum</span> <span class='ocrx_word' id='word_1_57' title='bbox 714 1461 753 1527; x_wconf 90' lang='lat' dir='ltr'>in·</span> <span class='ocrx_word' id='word_1_58' title='bbox 772 1480 882 1527; x_wconf 91' lang='lat' dir='ltr'>eorum</span> <span class='ocrx_word' id='word_1_59' title='bbox 905 1461 1059 1527; x_wconf 91' lang='lat' dir='ltr'>librorum</span> <span class='ocrx_word' id='word_1_60' title='bbox 1079 1481 1196 1544; x_wconf 83' lang='lat' dir='ltr'>magno</span> <span class='ocrx_word' id='word_1_61' title='bbox 1212 1481 1343 1528; x_wconf 90' lang='lat' dir='ltr'>numero</span> 
     </span>
     <span class='ocr_line' id='line_1_8' title="bbox 170 1572 1344 1657; baseline -0.002 -17"><span class='ocrx_word' id='word_1_62' title='bbox 170 1576 347 1656; x_wconf 91' lang='lat' dir='ltr'>ponendum</span> <span class='ocrx_word' id='word_1_63' title='bbox 371 1595 451 1655; x_wconf 88' lang='lat' dir='ltr'>esse,</span> <span class='ocrx_word' id='word_1_64' title='bbox 480 1575 534 1657; x_wconf 90' lang='lat' dir='ltr'>qui</span> <span class='ocrx_word' id='word_1_65' title='bbox 558 1593 748 1656; x_wconf 88' lang='lat' dir='ltr'>quamquam</span> <span class='ocrx_word' id='word_1_66' title='bbox 776 1592 877 1654; x_wconf 89' lang='lat' dir='ltr'>neque</span> <span class='ocrx_word' id='word_1_67' title='bbox 900 1573 1092 1639; x_wconf 86' lang='lat' dir='ltr'>Aristotelis</span> <span class='ocrx_word' id='word_1_68' title='bbox 1119 1592 1221 1655; x_wconf 90' lang='lat' dir='ltr'>neque</span> <span class='ocrx_word' id='word_1_69' title='bbox 1244 1572 1344 1638; x_wconf 79' lang='lat' dir='ltr'>Theo·</span> 
     </span>
     <span class='ocr_line' id='line_1_9' title="bbox 167 1684 1344 1767; baseline -0.001 -16"><span class='ocrx_word' id='word_1_70' title='bbox 167 1687 293 1767; x_wconf 90' lang='lat' dir='ltr'>phrasti</span> <span class='ocrx_word' id='word_1_71' title='bbox 316 1687 390 1767; x_wconf 84' lang='lat' dir='ltr'>sint,</span> <span class='ocrx_word' id='word_1_72' title='bbox 419 1693 528 1752; x_wconf 91' lang='lat' dir='ltr'>tamen</span> <span class='ocrx_word' id='word_1_73' title='bbox 555 1705 596 1752; x_wconf 80' lang='lat' dir='ltr'>ex</span> <span class='ocrx_word' id='word_1_74' title='bbox 623 1684 727 1751; x_wconf 89' lang='lat' dir='ltr'>media</span> <span class='ocrx_word' id='word_1_75' title='bbox 750 1684 1040 1766; x_wconf 87' lang='lat' dir='ltr'>Peripateticorum</span> <span class='ocrx_word' id='word_1_76' title='bbox 1068 1689 1157 1750; x_wconf 90' lang='lat' dir='ltr'>secta</span> <span class='ocrx_word' id='word_1_77' title='bbox 1184 1684 1217 1749; x_wconf 93' lang='lat' dir='ltr'>in</span> <span class='ocrx_word' id='word_1_78' title='bbox 1240 1684 1344 1750; x_wconf 92' lang='lat' dir='ltr'>lucem</span> 
     </span>
     <span class='ocr_line' id='line_1_10' title="bbox 167 1794 1345 1877; baseline -0.002 -14"><span class='ocrx_word' id='word_1_79' title='bbox 167 1798 255 1864; x_wconf 87' lang='lat' dir='ltr'>edita</span> <span class='ocrx_word' id='word_1_80' title='bbox 282 1799 439 1863; x_wconf 87' lang='lat' dir='ltr'>sermonis</span> <span class='ocrx_word' id='word_1_81' title='bbox 466 1798 606 1864; x_wconf 88' lang='lat' dir='ltr'>colorem</span> <span class='ocrx_word' id='word_1_82' title='bbox 634 1803 667 1862; x_wconf 89' lang='grc'>11</span> <span class='ocrx_word' id='word_1_83' title='bbox 698 1796 959 1863; x_wconf 86' lang='lat' dir='ltr'>consuetudinem</span> <span class='ocrx_word' id='word_1_84' title='bbox 990 1794 1219 1877; x_wconf 79' lang='lat' dir='ltr'>magistrorum</span> <span class='ocrx_word' id='word_1_85' title='bbox 1250 1801 1345 1861; x_wconf 90' lang='lat' dir='ltr'>tanta</span> 
     </span>
     <span class='ocr_line' id='line_1_11' title="bbox 167 1906 1343 1991; baseline -0.003 -17"><span class='ocrx_word' id='word_1_86' title='bbox 167 1909 377 1975; x_wconf 85' lang='lat' dir='ltr'>similitudine</span> <span class='ocrx_word' id='word_1_87' title='bbox 400 1909 546 1988; x_wconf 86' lang='lat' dir='ltr'>reddant,</span> <span class='ocrx_word' id='word_1_88' title='bbox 570 1914 607 1975; x_wconf 93' lang='lat' dir='ltr'>ut</span> <span class='ocrx_word' id='word_1_89' title='bbox 626 1909 682 1976; x_wconf 86' lang='lat' dir='ltr'>vix</span> <span class='ocrx_word' id='word_1_90' title='bbox 706 1928 726 1973; x_wconf 94' lang='lat' dir='ltr'>a</span> <span class='ocrx_word' id='word_1_91' title='bbox 749 1907 897 1991; x_wconf 84' lang='lat' dir='ltr'>genuinis</span> <span class='ocrx_word' id='word_1_92' title='bbox 920 1926 1028 1972; x_wconf 90' lang='lat' dir='ltr'>eorum</span> <span class='ocrx_word' id='word_1_93' title='bbox 1051 1906 1182 1988; x_wconf 87' lang='lat' dir='ltr'>scriptis</span> <span class='ocrx_word' id='word_1_94' title='bbox 1204 1907 1343 1973; x_wconf 89' lang='lat' dir='ltr'>discerni</span> 
     </span>
     <span class='ocr_line' id='line_1_12' title="bbox 168 2021 338 2106; baseline 0 -20"><span class='ocrx_word' id='word_1_95' title='bbox 168 2021 301 2102; x_wconf 87' lang='lat' dir='ltr'>possint.</span> <span class='ocrx_word' id='word_1_96' title='bbox 310 2026 338 2106; x_wconf 67' lang='grc'>62)</span> 
     </span>
    </p>
   </div>
   <div class='ocr_carea' id='block_1_2' title="bbox 341 2537 1166 2624">
    <p class='ocr_par' dir='ltr' id='par_1_2' title="bbox 341 2537 1166 2624">
     <span class='ocr_line' id='line_1_13' title="bbox 341 2537 1166 2624; baseline -0.004 -2"><span class='ocrx_word' id='word_1_97' title='bbox 341 2537 402 2622; x_wconf 77' lang='lat' dir='ltr'>[lu</span> <span class='ocrx_word' id='word_1_98' title='bbox 430 2537 780 2624; x_wconf 77' lang='lat' dir='ltr'>uneuurlouuu</span> <span class='ocrx_word' id='word_1_99' title='bbox 808 2537 1166 2624; x_wconf 80' lang='lat' dir='ltr'><strong>COMPOSITIONE.</strong></span> 
     </span>
    </p>
   </div>
   <div class='ocr_carea' id='block_1_3' title="bbox 168 2725 1399 4148">
    <p class='ocr_par' dir='ltr' id='par_1_3' title="bbox 168 2725 1399 4148">
     <span class='ocr_line' id='line_1_14' title="bbox 225 2725 1340 2810; baseline -0.003 -16"><span class='ocrx_word' id='word_1_100' title='bbox 225 2804 227 2809; x_wconf 45' lang='grc'><strong>,</strong></span> <span class='ocrx_word' id='word_1_101' title='bbox 274 2729 325 2794; x_wconf 89' lang='lat' dir='ltr'>Ac</span> <span class='ocrx_word' id='word_1_102' title='bbox 361 2727 498 2810; x_wconf 86' lang='lat' dir='ltr'>primum</span> <span class='ocrx_word' id='word_1_103' title='bbox 531 2726 657 2809; x_wconf 91' lang='lat' dir='ltr'>quidem</span> <span class='ocrx_word' id='word_1_104' title='bbox 693 2726 790 2794; x_wconf 84' lang='lat' dir='ltr'>facile</span> <span class='ocrx_word' id='word_1_105' title='bbox 824 2728 970 2794; x_wconf 91' lang='lat' dir='ltr'>omnibus</span> <span class='ocrx_word' id='word_1_106' title='bbox 1004 2725 1266 2808; x_wconf 84' lang='lat' dir='ltr'>persuadebimus</span> <span class='ocrx_word' id='word_1_107' title='bbox 1300 2745 1340 2791; x_wconf 87' lang='lat' dir='ltr'>ex</span> 
     </span>
     <span class='ocr_line' id='line_1_15' title="bbox 168 2837 1341 2923; baseline -0.003 -17"><span class='ocrx_word' id='word_1_108' title='bbox 168 2842 291 2908; x_wconf 89' lang='lat' dir='ltr'>duabus</span> <span class='ocrx_word' id='word_1_109' title='bbox 323 2839 472 2922; x_wconf 84' lang='lat' dir='ltr'>partibus</span> <span class='ocrx_word' id='word_1_110' title='bbox 504 2844 653 2905; x_wconf 88' lang='lat' dir='ltr'>constare</span> <span class='ocrx_word' id='word_1_111' title='bbox 685 2839 745 2923; x_wconf 81' lang='lat' dir='ltr'>„de</span> <span class='ocrx_word' id='word_1_112' title='bbox 777 2838 900 2922; x_wconf 59' lang='grc' dir='ltr'>1111111ι</span> <span class='ocrx_word' id='word_1_113' title='bbox 928 2839 1087 2918; x_wconf 87' lang='lat' dir='ltr'>libellum;</span> <span class='ocrx_word' id='word_1_114' title='bbox 1120 2838 1228 2919; x_wconf 91' lang='lat' dir='ltr'>priore</span> <span class='ocrx_word' id='word_1_115' title='bbox 1257 2837 1341 2904; x_wconf 92' lang='lat' dir='ltr'>enim</span> 
     </span>
     <span class='ocr_line' id='line_1_16' title="bbox 169 2949 1374 3045; baseline -0.002 -28"><span class='ocrx_word' id='word_1_116' title='bbox 169 2953 251 3032; x_wconf 88' lang='lat' dir='ltr'>loco;</span> <span class='ocrx_word' id='word_1_117' title='bbox 276 2953 318 3017; x_wconf 88' lang='lat' dir='ltr'>ab</span> <span class='ocrx_word' id='word_1_118' title='bbox 341 2950 434 3017; x_wconf 87' lang='lat' dir='ltr'>initio</span> <span class='ocrx_word' id='word_1_119' title='bbox 457 2969 558 3033; x_wconf 86' lang='lat' dir='ltr'>usque</span> <span class='ocrx_word' id='word_1_120' title='bbox 580 2951 622 3016; x_wconf 92' lang='lat' dir='ltr'>ad</span> <span class='ocrx_word' id='word_1_121' title='bbox 644 2958 664 3035; x_wconf 66' lang='grc' dir='ltr'>ξ</span> <span class='ocrx_word' id='word_1_122' title='bbox 688 2953 738 3030; x_wconf 83' lang='grc'>10,</span> <span class='ocrx_word' id='word_1_123' title='bbox 762 2957 1010 3032; x_wconf 90' lang='lat' dir='ltr'>praemonentur</span> <span class='ocrx_word' id='word_1_124' title='bbox 1030 2950 1186 3015; x_wconf 83' lang='lat' dir='ltr'>nonnulla</span> <span class='ocrx_word' id='word_1_125' title='bbox 1207 2951 1246 3016; x_wconf 89' lang='lat' dir='ltr'>de</span> <span class='ocrx_word' id='word_1_126' title='bbox 1261 2949 1342 3017; x_wconf 86' lang='lat' dir='ltr'>viris</span> <span class='ocrx_word' id='word_1_127' title='bbox 1367 3028 1374 3045; x_wconf 31' lang='grc' dir='ltr'>ι</span> 
     </span>
     <span class='ocr_line' id='line_1_17' title="bbox 169 3062 1342 3145; baseline 0.001 -19"><span class='ocrx_word' id='word_1_128' title='bbox 169 3062 223 3143; x_wconf 89' lang='lat' dir='ltr'>qui</span> <span class='ocrx_word' id='word_1_129' title='bbox 255 3062 357 3145; x_wconf 83' lang='lat' dir='ltr'>signis</span> <span class='ocrx_word' id='word_1_130' title='bbox 384 3062 593 3129; x_wconf 88' lang='lat' dir='ltr'>observandis</span> <span class='ocrx_word' id='word_1_131' title='bbox 621 3081 750 3144; x_wconf 91' lang='lat' dir='ltr'>operam</span> <span class='ocrx_word' id='word_1_132' title='bbox 777 3062 934 3142; x_wconf 89' lang='lat' dir='ltr'>dederint,</span> <span class='ocrx_word' id='word_1_133' title='bbox 967 3064 1006 3128; x_wconf 90' lang='lat' dir='ltr'>de</span> <span class='ocrx_word' id='word_1_134' title='bbox 1038 3064 1134 3128; x_wconf 91' lang='lat' dir='ltr'>rebus</span> <span class='ocrx_word' id='word_1_135' title='bbox 1161 3063 1244 3127; x_wconf 92' lang='lat' dir='ltr'>uude</span> <span class='ocrx_word' id='word_1_136' title='bbox 1271 3081 1342 3143; x_wconf 92' lang='lat' dir='ltr'>pro-</span> 
     </span>
     <span class='ocr_line' id='line_1_18' title="bbox 171 3172 1338 3256; baseline 0 -18"><span class='ocrx_word' id='word_1_137' title='bbox 171 3174 318 3255; x_wconf 85' lang='lat' dir='ltr'>gnostica</span> <span class='ocrx_word' id='word_1_138' title='bbox 333 3179 509 3254; x_wconf 88' lang='lat' dir='ltr'>sumantur,</span> <span class='ocrx_word' id='word_1_139' title='bbox 526 3174 566 3240; x_wconf 93' lang='lat' dir='ltr'>de</span> <span class='ocrx_word' id='word_1_140' title='bbox 580 3173 734 3256; x_wconf 91' lang='lat' dir='ltr'>temporis</span> <span class='ocrx_word' id='word_1_141' title='bbox 749 3174 933 3241; x_wconf 88' lang='lat' dir='ltr'>intervallis</span> <span class='ocrx_word' id='word_1_142' title='bbox 950 3194 1007 3256; x_wconf 90' lang='lat' dir='ltr'>per</span> <span class='ocrx_word' id='word_1_143' title='bbox 1022 3193 1104 3255; x_wconf 87' lang='lat' dir='ltr'>quae</span> <span class='ocrx_word' id='word_1_144' title='bbox 1118 3172 1177 3239; x_wconf 91' lang='lat' dir='ltr'>illa</span> <span class='ocrx_word' id='word_1_145' title='bbox 1192 3174 1338 3254; x_wconf 86' lang='lat' dir='ltr'>valeant;</span> 
     </span>
     <span class='ocr_line' id='line_1_19' title="bbox 169 3285 1342 3370; baseline 0 -21"><span class='ocrx_word' id='word_1_146' title='bbox 169 3285 346 3366; x_wconf 92' lang='lat' dir='ltr'>posteriore</span> <span class='ocrx_word' id='word_1_147' title='bbox 373 3286 442 3352; x_wconf 89' lang='lat' dir='ltr'>loco</span> <span class='ocrx_word' id='word_1_148' title='bbox 470 3285 544 3351; x_wconf 91' lang='lat' dir='ltr'>inde</span> <span class='ocrx_word' id='word_1_149' title='bbox 571 3293 633 3370; x_wconf 54' lang='lat' dir='ltr'>a&amp;</span> <span class='ocrx_word' id='word_1_150' title='bbox 661 3287 701 3352; x_wconf 87' lang='grc'><strong>10</strong></span> <span class='ocrx_word' id='word_1_151' title='bbox 723 3304 824 3368; x_wconf 87' lang='lat' dir='ltr'>usque</span> <span class='ocrx_word' id='word_1_152' title='bbox 850 3286 892 3351; x_wconf 88' lang='lat' dir='ltr'>ad</span> <span class='ocrx_word' id='word_1_153' title='bbox 918 3285 1013 3352; x_wconf 91' lang='lat' dir='ltr'>finem</span> <span class='ocrx_word' id='word_1_154' title='bbox 1040 3285 1248 3368; x_wconf 84' lang='lat' dir='ltr'>prognostica</span> <span class='ocrx_word' id='word_1_155' title='bbox 1269 3285 1342 3365; x_wconf 90' lang='lat' dir='ltr'>ipsa</span> 
     </span>
     <span class='ocr_line' id='line_1_20' title="bbox 168 3396 1399 3480; baseline 0.001 -20"><span class='ocrx_word' id='word_1_156' title='bbox 168 3396 216 3461; x_wconf 88' lang='grc'>111</span> <span class='ocrx_word' id='word_1_157' title='bbox 239 3401 475 3475; x_wconf 88' lang='lat' dir='ltr'>enumerantur,</span> <span class='ocrx_word' id='word_1_158' title='bbox 503 3402 541 3462; x_wconf 91' lang='lat' dir='ltr'>ut</span> <span class='ocrx_word' id='word_1_159' title='bbox 563 3398 658 3480; x_wconf 82' lang='lat' dir='ltr'>signa</span> <span class='ocrx_word' id='word_1_160' title='bbox 680 3397 871 3478; x_wconf 85' lang='lat' dir='ltr'>pluviarum,</span> <span class='ocrx_word' id='word_1_161' title='bbox 895 3403 1074 3476; x_wconf 86' lang='lat' dir='ltr'>ventorum,</span> <span class='ocrx_word' id='word_1_162' title='bbox 1102 3401 1340 3478; x_wconf 88' lang='lat' dir='ltr'>tempestatum,</span> <span class='ocrx_word' id='word_1_163' title='bbox 1396 3419 1399 3425; x_wconf 55' lang='lat'><strong><em>⁴</em></strong></span> 
     </span>
     <span class='ocr_line' id='line_1_21' title="bbox 168 3507 1340 3592; baseline 0.001 -20"><span class='ocrx_word' id='word_1_164' title='bbox 168 3507 353 3573; x_wconf 87' lang='lat' dir='ltr'>serenitatis</span> <span class='ocrx_word' id='word_1_165' title='bbox 384 3507 418 3573; x_wconf 91' lang='lat' dir='ltr'>in</span> <span class='ocrx_word' id='word_1_166' title='bbox 450 3507 579 3592; x_wconf 81' lang='lat' dir='ltr'>singula</span> <span class='ocrx_word' id='word_1_167' title='bbox 612 3508 720 3590; x_wconf 86' lang='lat' dir='ltr'>capita</span> <span class='ocrx_word' id='word_1_168' title='bbox 752 3509 880 3592; x_wconf 82' lang='lat' dir='ltr'>digesta</span> <span class='ocrx_word' id='word_1_169' title='bbox 916 3508 1064 3589; x_wconf 90' lang='lat' dir='ltr'>deinceps</span> <span class='ocrx_word' id='word_1_170' title='bbox 1101 3527 1135 3573; x_wconf 88' lang='lat' dir='ltr'>sc</span> <span class='ocrx_word' id='word_1_171' title='bbox 1168 3507 1340 3589; x_wconf 84' lang='lat' dir='ltr'>excipiant.</span> 
     </span>
     <span class='ocr_line' id='line_1_22' title="bbox 169 3619 1342 3703; baseline 0.001 -19"><span class='ocrx_word' id='word_1_172' title='bbox 169 3619 315 3703; x_wconf 76' lang='lat' dir='ltr'>Quarum</span> <span class='ocrx_word' id='word_1_173' title='bbox 345 3619 486 3701; x_wconf 90' lang='lat' dir='ltr'>partium</span> <span class='ocrx_word' id='word_1_174' title='bbox 518 3640 589 3686; x_wconf 91' lang='lat' dir='ltr'>cum</span> <span class='ocrx_word' id='word_1_175' title='bbox 620 3619 710 3702; x_wconf 88' lang='lat' dir='ltr'>prior</span> <span class='ocrx_word' id='word_1_176' title='bbox 740 3619 895 3702; x_wconf 89' lang='lat' dir='ltr'>prooemii</span> <span class='ocrx_word' id='word_1_177' title='bbox 926 3621 1030 3686; x_wconf 90' lang='lat' dir='ltr'>instar</span> <span class='ocrx_word' id='word_1_178' title='bbox 1062 3639 1099 3686; x_wconf 91' lang='grc'>11</span> <span class='ocrx_word' id='word_1_179' title='bbox 1132 3619 1265 3685; x_wconf 91' lang='lat' dir='ltr'>consilio</span> <span class='ocrx_word' id='word_1_180' title='bbox 1298 3619 1342 3686; x_wconf 88' lang='lat' dir='ltr'>sit</span> 
     </span>
     <span class='ocr_line' id='line_1_23' title="bbox 168 3730 1342 3815; baseline 0.001 -20"><span class='ocrx_word' id='word_1_181' title='bbox 168 3730 299 3811; x_wconf 83' lang='lat' dir='ltr'>scripta,</span> <span class='ocrx_word' id='word_1_182' title='bbox 333 3737 370 3796; x_wconf 91' lang='lat' dir='ltr'>ut</span> <span class='ocrx_word' id='word_1_183' title='bbox 401 3730 566 3814; x_wconf 84' lang='lat' dir='ltr'>signorum</span> <span class='ocrx_word' id='word_1_184' title='bbox 598 3731 727 3799; x_wconf 88' lang='lat' dir='ltr'>diversa</span> <span class='ocrx_word' id='word_1_185' title='bbox 759 3751 879 3815; x_wconf 85' lang='lat' dir='ltr'>genera</span> <span class='ocrx_word' id='word_1_186' title='bbox 911 3733 986 3813; x_wconf 85' lang='lat' dir='ltr'>quid</span> <span class='ocrx_word' id='word_1_187' title='bbox 1014 3730 1076 3797; x_wconf 90' lang='lat' dir='ltr'>sibi</span> <span class='ocrx_word' id='word_1_188' title='bbox 1102 3730 1206 3798; x_wconf 87' lang='lat' dir='ltr'>velint</span> <span class='ocrx_word' id='word_1_189' title='bbox 1237 3730 1342 3797; x_wconf 88' lang='lat' dir='ltr'>discat</span> 
     </span>
     <span class='ocr_line' id='line_1_24' title="bbox 168 3842 1342 3926; baseline 0 -19"><span class='ocrx_word' id='word_1_190' title='bbox 168 3843 321 3920; x_wconf 85' lang='lat' dir='ltr'>lecturus,</span> <span class='ocrx_word' id='word_1_191' title='bbox 349 3842 512 3909; x_wconf 89' lang='lat' dir='ltr'>lucramur</span> <span class='ocrx_word' id='word_1_192' title='bbox 537 3842 612 3909; x_wconf 92' lang='lat' dir='ltr'>inde</span> <span class='ocrx_word' id='word_1_193' title='bbox 633 3843 769 3909; x_wconf 89' lang='lat' dir='ltr'>indicem</span> <span class='ocrx_word' id='word_1_194' title='bbox 792 3862 853 3924; x_wconf 90' lang='lat' dir='ltr'>quo</span> <span class='ocrx_word' id='word_1_195' title='bbox 881 3843 1097 3922; x_wconf 89' lang='lat' dir='ltr'>diiudiccmus‚</span> <span class='ocrx_word' id='word_1_196' title='bbox 1125 3847 1233 3909; x_wconf 90' lang='lat' dir='ltr'>utrum</span> <span class='ocrx_word' id='word_1_197' title='bbox 1256 3842 1342 3926; x_wconf 82' lang='lat' dir='ltr'>frag-</span> 
     </span>
     <span class='ocr_line' id='line_1_25' title="bbox 168 3953 1341 4037; baseline 0.002 -20"><span class='ocrx_word' id='word_1_198' title='bbox 168 3959 310 4018; x_wconf 90' lang='lat' dir='ltr'>mentum</span> <span class='ocrx_word' id='word_1_199' title='bbox 333 3954 425 4020; x_wconf 88' lang='lat' dir='ltr'>uobis</span> <span class='ocrx_word' id='word_1_200' title='bbox 448 3955 597 4021; x_wconf 91' lang='lat' dir='ltr'>relictum</span> <span class='ocrx_word' id='word_1_201' title='bbox 620 3955 672 4035; x_wconf 83' lang='lat' dir='ltr'>sit,</span> <span class='ocrx_word' id='word_1_202' title='bbox 701 3975 743 4021; x_wconf 88' lang='lat' dir='ltr'>an</span> <span class='ocrx_word' id='word_1_203' title='bbox 771 3955 897 4037; x_wconf 83' lang='lat' dir='ltr'>integro</span> <span class='ocrx_word' id='word_1_204' title='bbox 926 3954 1008 4020; x_wconf 89' lang='lat' dir='ltr'>libro</span> <span class='ocrx_word' id='word_1_205' title='bbox 1037 3953 1164 4019; x_wconf 91' lang='lat' dir='ltr'>minime</span> <span class='ocrx_word' id='word_1_206' title='bbox 1187 3954 1341 4036; x_wconf 87' lang='lat' dir='ltr'>temporis</span> 
     </span>
     <span class='ocr_line' id='line_1_26' title="bbox 169 4063 1341 4148; baseline 0.001 -19"><span class='ocrx_word' id='word_1_207' title='bbox 169 4063 287 4130; x_wconf 88' lang='lat' dir='ltr'>iniuria</span> <span class='ocrx_word' id='word_1_208' title='bbox 309 4066 477 4132; x_wconf 90' lang='lat' dir='ltr'>decurtato</span> <span class='ocrx_word' id='word_1_209' title='bbox 500 4064 639 4132; x_wconf 89' lang='lat' dir='ltr'>utamur.</span> <span class='ocrx_word' id='word_1_210' title='bbox 686 4068 771 4133; x_wconf 89' lang='lat' dir='ltr'>Nam</span> <span class='ocrx_word' id='word_1_211' title='bbox 794 4065 989 4148; x_wconf 88' lang='lat' dir='ltr'>prooemium</span> <span class='ocrx_word' id='word_1_212' title='bbox 1012 4071 1046 4131; x_wconf 95' lang='lat' dir='ltr'>et</span> <span class='ocrx_word' id='word_1_213' title='bbox 1068 4065 1245 4147; x_wconf 85' lang='lat' dir='ltr'>disputatio</span> <span class='ocrx_word' id='word_1_214' title='bbox 1269 4064 1341 4146; x_wconf 86' lang='lat' dir='ltr'>ipsa</span> 
     </span>
    </p>
   </div>
   <div class='ocr_carea' id='block_1_4' title="bbox 170 4386 1340 4715">
    <p class='ocr_par' dir='ltr' id='par_1_4' title="bbox 170 4386 1339 4541">
     <span class='ocr_line' id='line_1_27' title="bbox 273 4386 1339 4457; baseline 0.002 -21"><span class='ocrx_word' id='word_1_215' title='bbox 273 4387 294 4448; x_wconf 88' lang='lat'>¹)</span> <span class='ocrx_word' id='word_1_216' title='bbox 321 4387 351 4438; x_wconf 86' lang='lat' dir='ltr'>V.</span> <span class='ocrx_word' id='word_1_217' title='bbox 372 4389 446 4440; x_wconf 83' lang='lat' dir='ltr'>Rose</span> <span class='ocrx_word' id='word_1_218' title='bbox 471 4386 498 4438; x_wconf 93' lang='lat' dir='ltr'>in</span> <span class='ocrx_word' id='word_1_219' title='bbox 518 4388 670 4441; x_wconf 84' lang='lat' dir='ltr'>Aristotele</span> <span class='ocrx_word' id='word_1_220' title='bbox 690 4387 949 4457; x_wconf 62' lang='lat' dir='ltr'>pseudepigrapha</span> <span class='ocrx_word' id='word_1_221' title='bbox 969 4405 996 4456; x_wconf 91' lang='lat' dir='ltr'>p.</span> <span class='ocrx_word' id='word_1_222' title='bbox 1016 4387 1076 4453; x_wconf 72' lang='grc'><strong>244,</strong></span> <span class='ocrx_word' id='word_1_223' title='bbox 1103 4402 1285 4454; x_wconf 85' lang='lat' dir='ltr'>quaecunque</span> <span class='ocrx_word' id='word_1_224' title='bbox 1304 4386 1339 4438; x_wconf 92' lang='lat' dir='ltr'>ad</span> 
     </span>
     <span class='ocr_line' id='line_1_28' title="bbox 170 4471 1210 4541; baseline 0 -17"><span class='ocrx_word' id='word_1_225' title='bbox 170 4471 282 4525; x_wconf 86' lang='lat' dir='ltr'>codices</span> <span class='ocrx_word' id='word_1_226' title='bbox 301 4489 454 4541; x_wconf 84' lang='lat' dir='ltr'>eorumque</span> <span class='ocrx_word' id='word_1_227' title='bbox 473 4473 570 4526; x_wconf 89' lang='lat' dir='ltr'>titulos</span> <span class='ocrx_word' id='word_1_228' title='bbox 591 4481 726 4539; x_wconf 75' lang='lat' dir='ltr'>spectant,</span> <span class='ocrx_word' id='word_1_229' title='bbox 747 4474 906 4526; x_wconf 84' lang='lat' dir='ltr'>admirabili</span> <span class='ocrx_word' id='word_1_230' title='bbox 925 4473 1070 4538; x_wconf 85' lang='lat' dir='ltr'>diligentia</span> <span class='ocrx_word' id='word_1_231' title='bbox 1088 4473 1210 4540; x_wconf 86' lang='lat' dir='ltr'>collegit.</span> 
     </span>
    </p>

    <p class='ocr_par' dir='ltr' id='par_1_5' title="bbox 171 4557 1340 4715">
     <span class='ocr_line' id='line_1_29' title="bbox 272 4557 1339 4626; baseline -0.002 -17"><span class='ocrx_word' id='word_1_232' title='bbox 272 4561 295 4623; x_wconf 81' lang='lat'>²)</span> <span class='ocrx_word' id='word_1_233' title='bbox 314 4559 347 4611; x_wconf 89' lang='lat' dir='ltr'>V.</span> <span class='ocrx_word' id='word_1_234' title='bbox 367 4558 452 4626; x_wconf 74' lang='lat' dir='ltr'>Rosa,</span> <span class='ocrx_word' id='word_1_235' title='bbox 472 4559 609 4612; x_wconf 87' lang='lat' dir='ltr'>anecdota</span> <span class='ocrx_word' id='word_1_236' title='bbox 620 4577 721 4625; x_wconf 84' lang='lat' dir='ltr'>graeca</span> <span class='ocrx_word' id='word_1_237' title='bbox 734 4562 809 4626; x_wconf 88' lang='grc'><strong>1864,</strong></span> <span class='ocrx_word' id='word_1_238' title='bbox 829 4578 854 4626; x_wconf 94' lang='lat' dir='ltr'>p.</span> <span class='ocrx_word' id='word_1_239' title='bbox 870 4561 911 4613; x_wconf 86' lang='grc'>18,</span> <span class='ocrx_word' id='word_1_240' title='bbox 940 4559 997 4610; x_wconf 89' lang='lat' dir='ltr'>Der</span> <span class='ocrx_word' id='word_1_241' title='bbox 1008 4559 1156 4610; x_wconf 84' lang='lat' dir='ltr'>Verfaeser</span> <span class='ocrx_word' id='word_1_242' title='bbox 1174 4557 1339 4609; x_wconf 75' lang='grc'><strong>(1111111111</strong></span> 
     </span>
     <span class='ocr_line' id='line_1_30' title="bbox 171 4642 1340 4715; baseline -0.003 -20"><span class='ocrx_word' id='word_1_243' title='bbox 171 4642 235 4696; x_wconf 84' lang='lat' dir='ltr'>dam</span> <span class='ocrx_word' id='word_1_244' title='bbox 253 4644 340 4698; x_wconf 88' lang='lat' dir='ltr'>Arist.</span> <span class='ocrx_word' id='word_1_245' title='bbox 361 4644 429 4697; x_wconf 91' lang='lat' dir='ltr'>oder</span> <span class='ocrx_word' id='word_1_246' title='bbox 446 4644 626 4714; x_wconf 85' lang='lat' dir='ltr'>Theophrast</span> <span class='ocrx_word' id='word_1_247' title='bbox 651 4647 823 4715; x_wconf 85' lang='lat' dir='ltr'>beigelegten</span> <span class='ocrx_word' id='word_1_248' title='bbox 845 4645 899 4699; x_wconf 88' lang='lat' dir='ltr'>und</span> <span class='ocrx_word' id='word_1_249' title='bbox 923 4646 1034 4699; x_wconf 83' lang='lat' dir='ltr'>keiueru</span> <span class='ocrx_word' id='word_1_250' title='bbox 1059 4660 1113 4697; x_wconf 89' lang='lat' dir='ltr'>von</span> <span class='ocrx_word' id='word_1_251' title='bbox 1136 4643 1235 4696; x_wconf 88' lang='lat' dir='ltr'>beiden</span> <span class='ocrx_word' id='word_1_252' title='bbox 1259 4657 1340 4710; x_wconf 83' lang='lat' dir='ltr'>auge-</span> 
     </span>
    </p>
   </div>
   <div class='ocr_carea' id='block_1_5' title="bbox 171 4729 653 4810">
    <p class='ocr_par' dir='ltr' id='par_1_6' title="bbox 171 4729 653 4810">
     <span class='ocr_line' id='line_1_31' title="bbox 171 4729 653 4810; baseline 0.01 -25"><span class='ocrx_word' id='word_1_253' title='bbox 171 4729 289 4802; x_wconf 79' lang='lat' dir='ltr'>hb&#39;rigen</span> <span class='ocrx_word' id='word_1_254' title='bbox 309 4729 414 4786; x_wconf 82' lang='lat' dir='ltr'>Schrift</span> <span class='ocrx_word' id='word_1_255' title='bbox 431 4736 498 4810; x_wconf 70' lang='grc' dir='ltr'>περὶ</span> <span class='ocrx_word' id='word_1_256' title='bbox 518 4743 653 4807; x_wconf 77' lang='grc' dir='ltr'>σημείων.</span> 
     </span>
    </p>
   </div>
   <div class='ocr_carea' id='block_1_6' title="bbox 0 0 1478 5160">
    <p class='ocr_par' dir='ltr' id='par_1_7' title="bbox 0 0 1478 5160">
     <span class='ocr_line' id='line_1_32' title="bbox 0 0 1478 5160; baseline 0 0"><span class='ocrx_word' id='word_1_257' title='bbox 0 0 1478 5160; x_wconf 95' lang='lat' dir='ltr'> </span> 
     </span>
    </p>
   </div>
  </div>
 </body>
</html>
