2948 5160
617 471 838 535 *73*

147 676 220 753 post
236 669 410 737 Caesarem
433 673 466 733 et
481 666 651 733 Tarutium
675 672 912 744 enumerantur,
936 671 1078 732 extremo
1102 664 1217 732 indicis
1237 667 1317 731 loco.

146 783 316 848 Habemus
343 781 441 845 enim:
471 784 534 864 (ex)
569 777 725 858 „Tarutio
753 778 807 858 qui
836 777 962 844 Graece
989 779 1029 843 de
1056 778 1155 843 astris
1182 777 1322 858 scripsit,

147 893 289 960 Caesare
316 892 475 957 dictatore
501 890 556 971 qui
586 890 674 968 item,
707 889 822 972 Sergio
851 890 978 968 Paullo,
1012 889 1132 958 Sabino
1165 888 1321 968 Fabiano,

146 1004 204 1071 M(
220 1004 385 1082 Cicerone,
412 1002 587 1083 Calpurnio
611 1002 726 1080 Basso,
751 1001 850 1066 Ateio
875 1000 1042 1081 Capitone,
1067 999 1204 1066 Manilio
1229 999 1322 1079 Sura,

150 1115 247 1182 Attio
277 1115 331 1195 qui
363 1113 530 1194 praxidica
562 1113 724 1193 scripsit.“
780 1113 821 1178 In
853 1118 956 1178 totam
993 1112 1096 1196 igitur
1132 1112 1325 1193 scriptorum

150 1228 279 1293 turbam
308 1224 418 1290 reiecti
441 1224 546 1289 'certis
574 1225 773 1306 argumentis
797 1243 930 1305 prorsus
955 1243 1109 1289 caremus.
1158 1223 1247 1290 Satis
1281 1222 1324 1288 sit

153 1337 329 1404 affirmasse
356 1336 509 1402 Sabinum
537 1335 717 1401 Fabianum
745 1355 837 1416 quem
865 1335 1041 1416 discipulus
1068 1335 1190 1401 Seneca
1217 1335 1322 1418 (epist.

153 1469 228 1515 mor.
252 1448 343 1514 XVI
368 1449 398 1526 5,
428 1449 447 1512 9
474 1447 520 1512 ed.
548 1448 672 1532 Haase)
701 1446 867 1528 praedicat
892 1447 1001 1528 plures
1026 1446 1126 1512 libros
1155 1447 1195 1511 ad
1224 1447 1324 1528 philo-

151 1560 293 1641 sophiam
306 1558 504 1640 pertinentes
516 1578 609 1639 quam
623 1559 809 1625 Ciceronem
822 1559 999 1640 scripsisse,
1017 1564 1050 1623 et
1067 1559 1162 1623 rebus
1172 1564 1325 1624 meteoro-

147 1671 263 1755 logicis
295 1689 367 1737 curn
398 1676 577 1751 temporum
607 1669 788 1735 rationibus
819 1669 997 1736 coniunctis
1034 1675 1068 1735 et
1104 1669 1324 1751 agriculturae

146 1802 277 1865 operam
305 1801 444 1848 navasse
466 1788 563 1863 atque
586 1781 767 1847 Fabianum
795 1789 829 1846 et
855 1781 888 1846 in
912 1781 988 1847 libri
1011 1780 1142 1847 secundi
1166 1781 1204 1846 de
1228 1781 1324 1846 subli-

147 1894 254 1980 mibus
287 1893 554 1959 commentatione
588 1893 662 1957 inde
692 1912 712 1956 a
739 1912 764 1958 c.
795 1894 838 1957 38
866 1892 1017 1959 instituta
1031 1899 1050 1977 ¹)
1086 1892 1325 1959 commemorari

152 2013 185 2071 ct
206 2005 240 2070 in
263 2004 440 2086 posteriore
468 2003 544 2069 libri
559 2004 689 2071 XVIII
705 2011 807 2084 parte,
832 2024 913 2084 qnae
928 2004 976 2070 ita
992 2004 1077 2069 iuter
1093 2023 1127 2069 se
1143 2006 1324 2084 cohaerent,

153 2124 189 2181 ut
211 2116 317 2182 omnia
345 2135 426 2196 quae
453 2116 527 2181 inde
554 2136 574 2180 a
602 2122 678 2181 sect.
705 2119 745 2180 hi
774 2115 954 2182 afferuntur
981 2116 1194 2197 supplementi
1220 2117 1326 2182 instar

153 2233 277 2293 asserta
296 2246 366 2293 esse
382 2227 555 2293 videantur
577 2226 725 2292 absoluto
749 2228 788 2292 de
811 2227 1013 2310 agricultura
1036 2227 1134 2308 operi,
1158 2229 1262 2309 petita
1285 2248 1325 2294 ex

154 2340 262 2404 codem
292 2339 382 2404 fonte
413 2340 496 2404 unde
528 2345 637 2419 partes
669 2337 747 2404 illae
779 2339 909 2404 secundi
940 2339 1024 2404 libri.
1082 2339 1184 2423 Quem
1220 2340 1325 2407 virum

153 2450 407 2517 literatisSImum
435 2450 463 2515 si
490 2451 582 2515 nobis
614 2450 862 2531 persuadeamus
889 2471 1039 2534 magnam
1066 2457 1192 2532 partem
1224 2452 1325 2517 totius

150 2562 380 2644 disputationis
409 2567 556 2642 paratam
580 2562 689 2627 Plinio
717 2562 909 2642 exhibuisse,
937 2563 1158 2644 probationem
1186 2562 1326 2629 fortasse

149 2675 224 2740 inde
238 2673 462 2751 nanciscimur,
487 2675 571 2753 quod
587 2674 717 2741 XVIII
732 2680 752 2758 ξ
770 2677 832 2738 277
855 2694 918 2739 una
941 2694 1012 2740 cum
1037 2673 1195 2753 „Graecis
1218 2681 1326 2740 aucto-

149 2786 271 2865 ribus‘,
295 2785 464 2852 XXVIII
487 2804 512 2850 s.
540 2787 580 2849 14
604 2804 673 2850 cum
700 2786 881 2851 Aristotele
908 2786 1070 2861 laudatur,
1100 2805 1233 2866 quorum
1257 2805 1325 2852 sen-

151 2896 271 2962 tentias
294 2896 470 2964 verisimile
504 2901 554 2961 est
589 2917 659 2963 eum
694 2897 902 2981 congessisse.
955 2898 1018 2964 Sed
1050 2899 1237 2979 profitemur
1268 2918 1326 2979 per

154 3007 278 3073 lubrica
299 3026 358 3073 nos
378 3007 525 3073 incedere
548 3016 645 3089 atque
668 3011 757 3075 ultra'
772 3010 987 3076 coniecturam
1003 3029 1061 3075 nos
1080 3029 1145 3075 non
1161 3011 1324 3091 proficere.

259 3119 368 3185 Minus
380 3119 576 3185 haesitamus
589 3121 803 3187 diiudicantes
815 3129 963 3187 auctores
976 3141 1109 3204 graecos
1122 3142 1185 3203 qua
1201 3123 1327 3188 ratione

152 3229 278 3296 Plinius
300 3229 502 3312 disposuerit.
541 3230 741 3316 Quamquam
764 3234 847 3298 enirn
871 3234 967 3298 etiam
991 3234 1043 3299 hic
1066 3235 1119 3298 lex
1141 3234 1200 3299 illa
1222 3235 1326 3301 Brun-

147 3343 246 3409 niana
268 3361 331 3408 non
354 3343 490 3407 multum
515 3346 626 3409 valere
648 3345 786 3424 videtur,
811 3346 894 3425 quod
909 3346 1101 3411 Zoroastres
1125 3346 1192 3411 fere
1212 3347 1325 3412 ultimo

147 3454 216 3520 loco
250 3453 378 3536 positus
410 3455 475 3519 iam
510 3456 551 3519 ad
583 3459 692 3540 ι1200
725 3477 789 3523 una
821 3477 891 3523 cum
921 3457 1017 3522 Attio
1050 3463 1325 3538 commemoratur,

146 3574 254 3632 tamen
277 3572 374 3631 extra
397 3585 519 3631 omnem
544 3567 777 3634 dubitationem
800 3576 906 3634 estet
929 3569 1032 3649 ipsum
1057 3569 1174 3634 librum
1196 3571 1325 3638 XVIII

147 3683 180 3742 et
206 3677 344 3742 indicem
373 3684 540 3745 auctorum
569 3699 757 3762 graecorum
789 3700 829 3747 ex
861 3681 985 3746 duabus
1018 3679 1155 3746 diversis
1178 3683 1326 3763 partibus

149 3795 307 3853 constare.
352 3789 437 3854 Nam
462 3810 531 3856 cum
556 3797 723 3856 auctorum
746 3792 874 3857 nomina
897 3792 970 3856 inde
994 3795 1035 3858 ab
1059 3793 1203 3858 Hesiodo
1227 3813 1327 3875 usquc

150 3896 191 3960 ad
206 3898 407 3981 Diophanem
432 3902 506 3981 „qui
526 3921 566 3967 ex
588 3902 747 3984 Dionysio
770 3903 931 3984 epitomen
955 3904 1052 3970 11111ιι
1079 3906 1196 3971 eisdem
1217 3907 1326 3972 verbis

150 4009 192 4072 ad
216 4004 427 4080 lihros'XIV
451 4015 521 4081 XV
545 4015 655 4082 XVII
679 4014 850 4093 iterantur,
874 4016 929 4096 qui
952 4036 1060 4082 omnes
1083 4017 1117 4082 in
1140 4018 1325 4098 plantarum

148 4120 362 4202 descriptione
389 4133 571 4205 versantur,
601 4145 710 4191 corum
740 4127 883 4191 ordinem
911 4147 1041 4193 necesse
1068 4135 1119 4194 est
1145 4137 1326 4196 statuamus

146 4233 320 4301 secundum
342 4235 364 4301 l.
381 4236 472 4303 XIV
496 4256 567 4302 esse
590 4237 779 4303 confectum.
814 4239 886 4303 Iam
909 4239 937 4305 si
953 4241 1042 4320 prior
1056 4242 1077 4305 l.
1095 4241 1225 4308 XVIII
1249 4261 1325 4323 pars

252 4515 273 4579 ¹)
292 4514 330 4566 cf.
351 4512 378 4564 ll
397 4528 420 4566 c.
440 4513 484 4566 38.
505 4512 641 4567 hactenus
661 4515 694 4566 de
713 4513 819 4568 mundo
837 4517 912 4583 ipso.

396 4615 420 4652 c.
439 4600 481 4652 39.
501 4604 720 4667 tempestatum.
738 4643 743 4654 .
760 4602 918 4669 .qnae«lnm
937 4607 1024 4655 statas
1044 4619 1106 4656 esse
1126 4619 1235 4656 causes.

1108 4709 1157 4762 53*
