2948 5160
146 827 246 894 Arati
268 827 458 893 Diosemeas
468 831 491 911 ¹)
514 830 547 890 ot
569 825 661 891 illum
685 823 902 906 Theophrasti
930 823 1057 905 librum,
1086 831 1133 904 ut,
1161 842 1232 890 oum
1255 820 1322 889 iere

147 940 295 1005 omnibus
318 956 506 1021 persuasum
533 937 577 1001 sit
600 936 817 1017 Theophrasti
844 954 907 1001 non
930 937 1102 1019 genuinum
1126 936 1243 1003 librum
1266 936 1322 1001 sad

147 1057 299 1133 excerpta
336 1056 463 1117 tantum
502 1053 623 1128 extare,
662 1046 762 1113 Arati
798 1048 938 1113 editores
969 1049 1158 1114 Diosemeas
1194 1049 1235 1113 ad
1271 1065 1323 1112 ex-

148 1168 329 1243 oerptorum
362 1162 491 1226 illorum
519 1179 663 1225 normam
690 1158 883 1242 castigarint
910 1161 975 1224 rati
1002 1180 1042 1225 ex
1067 1160 1195 1243 integro
1223 1158 1324 1225 Theo-

148 1274 273 1356 phrasti
301 1274 386 1340 libro
414 1292 498 1338 nuno
525 1271 854 1352 deperdito'Aratum
881 1271 1014 1353 petiisse
1040 1291 1122 1352 quae
1144 1270 1324 1337 Diosemeis

147 1387 336 1452 illustraret.
395 1386 518 1453 Verum
554 1401 612 1464 por
634 1401 691 1462 ea,
729 1401 811 1463 quae
844 1382 883 1448 de
911 1383 1012 1449 Arati
1040 1383 1111 1450 vita
1137 1389 1170 1448 et
1193 1381 1323 1464 seriptis

148 1498 239 1564 nobis
266 1498 389 1563 tradita
415 1502 500 1576 sunt,
530 1495 657 1560 minima
685 1494 762 1559 lioet
791 1495 920 1559 eredere
948 1514 966 1560 e
993 1494 1208 1576 Theophrasti
1235 1494 1324 1560 Peri-

148 1609 282 1689 patetioi
298 1628 393 1690 opero
406 1609 548 1673 Aratum
564 1613 690 1688 poetam
707 1607 763 1671 uni
775 1605 956 1672 Stoicorum
968 1606 1111 1671 familiae
1126 1605 1324 1687 adscriptum

147 1721 341 1803 prompsisse
364 1739 446 1802 quae
460 1719 608 1786 versibus
625 1724 765 1798 ornaret,
790 1718 884 1783 immo
904 1718 974 1785 veri
994 1718 1055 1783 sim
1063 1719 1106 1782 ile
1127 1723 1177 1782 est
1192 1717 1325 1783 eundern

148 1834 327 1912 Eudoxum,
352 1831 406 1914 qui
429 1831 464 1896 in
484 1831 710 1895 Phaenomena
732 1828 913 1895 introduxit
928 1835 1066 1910 poetam,
1092 1829 1190 1895 etiam
1213 1829 1326 1894 Diose-

148 1964 290 2009 mearum
318 1941 486 2008 materiam
519 1940 750 2022 suppeditasse.
802 1942 843 2006 In
875 1941 979 2022 prima
1013 1941 1097 2006 einim
1124 1941 1224 2006 Arati
1255 1940 1326 2007 vita

149 2056 264 2139 (biogr.
282 2075 331 2137 gr.
348 2055 397 2119 ed.
414 2054 586 2118 Westerm.
605 2071 635 2133 p.
653 2054 705 2132 53,
723 2053 779 2137 46)
793 2053 872 2118 haee
888 2059 976 2118 sunt:
1002 2058 1096 2146 παρά
1122 2061 1169 2146 τῷ
1192 2058 1325 2135 βασιλεῖ

151 2169 360 2259 (Ἀντιγόνῳ)
385 2169 557 2253 γενόμενος
581 2164 777 2254 (Ἄρατος).
797 2222 803 2232 .
823 2168 1036 2256 ,προετράπη
1061 2167 1119 2235 ὑπ’
1146 2166 1251 2235 αιῗτοιῗ
1283 2168 1325 2233 τά

150 2282 338 2365 φαινόμενα
349 2281 494 2371 γράψαι,
511 2282 569 2346 τοῦ
584 2281 747 2358 βασιλέως
757 2277 908 2356 Ειῖὄάξοο
920 2281 1185 2369 ι’πιγραφόμινον
1195 2281 1328 2357 βιβλίον

152 2392 336 2479 κάτοπτρον
369 2391 483 2468 δόντος
516 2388 609 2480 αὐτῷ
640 2400 698 2455 καὶ
731 2388 936 2468 άξιάσαντος
968 2391 1010 2456 τά
1044 2392 1081 2459 ἐν
1109 2390 1202 2481 αὐτῷ
1229 2417 1326 2456 κατα-

150 2504 297 2591 λογάδην
321 2504 486 2586 λεχθέντα
514 2511 590 2591 περὶ
618 2505 686 2568 τῶν
713 2508 924 2587 φαινομένων
951 2512 1055 2593 μέτρῳ
1084 2503 1227 2569 ἐντεῖναι
1245 2521 1251 2530 ·
1269 2512 1326 2567 καὶ

151 2612 210 2699 ἅμ’
229 2615 389 2691 εἰπόντος,
416 2613 459 2691 οἷς
482 2611 679 2701 εάδοξότερα
703 2614 851 2700 ποιήσεις
874 2614 933 2680 τάν
948 2611 1097 2691 Εὔδοξον
1112 2614 1260 2690 ἐντείνας
1283 2614 1326 2678 τά

149 2727 229 2815 παρ’
256 2724 349 2816 αὐτῷ
365 2736 500 2810 κείμενοι
515 2735 621 2815 μέτρῳ
637 2720 752 2803 quihus
767 2721 875 2788 vorbis
890 2721 1026 2787 indicari
1043 2721 1173 2788 videtur
1185 2721 1325 2787 Aratum

150 2834 262 2901 statim
285 2839 359 2915 post
382 2834 555 2900 adventum
570 2833 796 2899 Phaenomena
812 2834 975 2899 condenda
995 2832 1196 2911 sustinuisse,
1220 2832 1252 2898 id
1276 2838 1326 2898 est

113 2988 115 2995 ,
151 2947 301 3013 vicesimo
326 2946 394 3011 fore
416 2947 528 3026 quinto
551 2945 671 3011 aetatis
686 2964 779 3024 anno,
804 2964 865 3027 quo
888 2952 1032 3027 tempore
1054 2945 1194 3010 nondum
1216 2944 1327 3011 verisi-

152 3060 227 3123 mile
242 3064 292 3123 est
308 3077 379 3123 enm
394 3058 558 3123 hominum
572 3057 646 3123 aliis
661 3057 861 3139 philosophis
882 3057 1082 3123 addictorum
1097 3057 1326 3122 consuetudine

154 3189 245 3235 usum
268 3172 381 3254 esse.²)
416 3170 582 3237 Secundae
604 3175 712 3236 autem
735 3169 824 3237 vitae
847 3175 960 3236 auctor
982 3189 1160 3252 anonymus
1183 3171 1349 3236 Phaeno·
1443 3156 1445 3161 ¹

154 3300 316 3347 nrarrorum
344 3288 475 3348 enarrat
501 3281 623 3363 triplex
650 3286 875 3365 argumentum
903 3288 945 3365 (p.
974 3284 1026 3361 56,
1059 3283 1121 3366 15).
1168 3284 1255 3352 Ἔστι
1290 3287 1327 3351 aa

154 3401 271 3485 τριχῶς
308 3408 519 3484 φαινομένων
556 3395 662 3465 otrico&
698 3409 910 3486 πραγματεία
940 3415 944 3426 ·
971 3409 1211 3484 καταστέρωσις
1239 3416 1244 3428 ·
1270 3409 1327 3465 καὶ

155 3509 468 3577 σονανατολλάντοιν
480 3518 536 3582 καὶ
553 3509 781 3576 σονδιινόντων
795 3520 868 3574 ’καὶ
884 3509 1082 3597 προγνώσεις
1100 3509 1158 3574 διά
1176 3522 1325 3597 σημείων.

155 3618 266 3698 Atque
298 3616 414 3684 Suidas
446 3623 480 3683 et
511 3618 614 3682 multa
650 3617 717 3682 alia
749 3617 848 3683 Arati
880 3616 1002 3699 scripta
1037 3621 1069 3682 et
1101 3617 1327 3684 Phaenomana

155 3731 267 3795 laudat
308 3731 364 3795 sed
405 3729 649 3794 Diosemearum
682 3729 804 3794 nnllam
840 3748 972 3810 prorsus
1010 3729 1201 3795 mentionem
1239 3730 1327 3799 ieoit.

155 3842 272 3923 quippe
295 3861 376 3924 quae
400 3845 507 3907 essent
530 3859 606 3922 pars
629 3845 755 3905 tautum
779 3840 1084 3907 Phaenomenorum.
1126 3840 1220 3925 Quid,
1245 3842 1328 3923 quod

156 3954 188 4018 in
220 3953 457 4019 commentariis
485 3962 531 4034 εἰς
559 3956 602 4021 τά
628 3953 765 4043 Ἀράτου
793 3957 982 4042 φαινόμενα
1006 3951 1180 4033 inscriptis,
1214 3953 1329 4034 quibus

157 4164 476 4172 —————

262 4314 282 4379 ¹)
303 4312 339 4365 es.
360 4310 580 4377 Grane1·t‚Mus.
601 4310 690 4363 Rhea.
711 4310 816 4377 Ι1827ΙΙ
837 4328 863 4380 p.
884 4313 943 4365 336.

260 4417 283 4479 ²)
296 4415 330 4470 R.
341 4415 469 4483 Koephe,
480 4414 578 4483 Progr.
594 4413 703 4468 Guben.
724 4415 799 4468 1867.
828 4414 943 4482 Robert,
952 4415 1096 4469 Eratosth.
1112 4413 1216 4468 Catast.
1228 4432 1255 4481 p.
1267 4415 1328 4468 240.

307 4518 504 4586 Wilamowita
535 4519 694 4588 Antigonus
718 4535 773 4572 von
797 4518 946 4586 Karystos,
971 4537 999 4588 p.
1019 4519 1079 4585 215Ἱ
1105 4520 1154 4587 qui
1178 4519 1248 4571 mihi
1272 4535 1328 4572 non

158 4607 300 4674 persuasit
311 4606 367 4656 iam
380 4605 429 4657 ilio
442 4610 569 4675 ternpore
581 4605 728 4658 Timonem
740 4605 899 4658 Phliasium
911 4605 1033 4657 Puellam
1045 4604 1165 4657 venisse.
1183 4605 1218 4657 rs.
1231 4605 1328 4672 Antig.

160 4690 263 4754 Carvst
287 4707 314 4759 p.
334 4692 377 4756 43,
398 4689 434 4745 14
457 4696 529 4767 φασὶ
553 4690 586 4747 δι’
606 4696 656 4748 καὶ
671 4691 799 4767 Ἀρατον
816 4700 965 4749 πυθέσθαι
990 4692 1078 4747 αὐτοῦ
1095 4689 1256 4755 (Timonis),
1274 4688 1333 4755 πῶς

159 4776 210 4845 τήν
227 4776 353 4855 Ὄμιξροιι
371 4789 489 4848 ποίησιν
507 4779 619 4854 ἀσφαλῆ
639 4778 784 4847 κτήσαιτο.

1122 4881 1160 4930 Ὦ
