2948 5160
662 246 883 309 -44-

186 437 319 518 perdere
355 438 545 518 videremur,
584 438 612 505 si
648 442 749 505 verba
788 441 917 524 singula
949 442 1161 523 conferentes,
1197 443 1311 524 quibus
1346 461 1365 508 e

119 607 122 613 .
190 548 334 614 fontibus
365 550 510 616 hauserit
548 552 732 632 scholiasta,
771 553 938 621 enucleare
975 573 1171 620 conaremur.
1227 553 1366 620 Accedit

186 661 269 741 quod
308 663 406 727 semel
442 660 684 742 Theophrastus
723 665 756 730 in
794 664 924 730 scholiis
958 665 1124 732 laudatur:
1168 667 1277 750 (Arat.
1313 665 1363 730 ed.

186 772 314 838 Becker
336 793 365 854 p.
394 775 546 856 141111)
570 788 668 865 φησὶν
696 770 756 846 odo
788 788 846 844 καὶ
873 779 1080 866 Θεόφραστος
1113 777 1217 868 Suari
1250 795 1365 868 πρῖνος

187 895 244 951 καὶ
271 886 293 974 ἤ
322 903 429 971 σχῖνος
463 887 632 978 αὐχμηραὶ
654 892 695 986 τῇ
725 889 840 977 κράσει
868 900 925 956 καὶ
955 891 1126 980 §andrapon
1155 895 1222 959 τῶν
1249 888 1366 958 ἄλλων

177 999 355 1096 Ιπεφύκασι
374 1018 379 1028 ’
397 1001 504 1068 πολύν
537 992 597 1068 οὖν
629 1001 761 1090 καρπὸν
795 999 834 1068 ori
867 1012 966 1089 φέρει,
1000 1003 1064 1069 ἐοὲν
1091 1004 1136 1091 μή
1173 1009 1218 1081 εἰς
1250 1002 1366 1082 βάθος

178 1110 345 1208 ’ὐγρατθῇ
377 1138 403 1176 κ.
436 1137 462 1178 τ.
488 1114 515 1178 λ.
574 1107 668 1190 Quod
700 1108 900 1173 enuntiatum
933 1129 1003 1175 cum
1036 1111 1160 1176 hustra
1191 1111 1225 1176 in
1257 1129 1368 1192 super·

190 1218 321 1284 stitibus
356 1219 572 1300 Theophrasti
607 1219 700 1284 libris
734 1220 956 1300 quaesiverim,
996 1221 1103 1287 facere
1137 1241 1201 1288 non
1235 1241 1367 1304 possum

188 1330 265 1410 quin
292 1331 457 1412 deperdito
485 1331 543 1396 illo
570 1332 610 1397 de
636 1330 756 1412 pluviis
784 1331 866 1396 libro
895 1333 1045 1412 tribuam,
1075 1333 1129 1399 ubi
1156 1333 1368 1417 prognostica
1448 1349 1453 1357 ·

188 1443 312 1507 inserta
344 1442 445 1508 fuisse
476 1443 540 1509 iam
573 1462 671 1524 supra
703 1443 859 1523 suspicati
891 1462 1010 1511 sumus.
1062 1444 1131 1524 Sed
1153 1446 1195 1511 ad
1220 1433 1379 1511 nostram

188 1554 406 1634 quaestionem
431 1555 666 1621 diiudicandam
682 1554 762 1619 nihil
778 1554 852 1619 inde
867 1555 1039 1635 lucramur,
1064 1557 1140 1637 quia
1157 1557 1367 1623 scholiastam

188 1684 228 1731 ex
251 1666 420 1732 Plutarchi
444 1665 680 1732 commentariis
704 1666 838 1732 Arateis
861 1667 921 1732 hoc
943 1667 1218 1748 Theophrasteum
1241 1687 1368 1751 promp-

105 1824 108 1829 -
188 1777 269 1842 sisse
293 1774 338 1843 en⁴
354 1778 449 1844 huius
473 1779 587 1845 scholii
611 1778 845 1859 subscriptione
861 1784 996 1859 apparet
1020 1779 1105 1849 odra
1122 1783 1335 1870 Πλούταρχος
1343 1783 1367 1866 ¹)

187 1888 279 1954 Nihil
311 1889 414 1972 igitur
446 1890 641 1956 scholiastae
669 1910 739 1956 oum
763 1890 996 1971 Theophrasto.
1044 1891 1098 1955 Ad
1131 1910 1229 1956 unum
1256 1897 1367 1958 tamen

188 1999 285 2065 liceat
312 2003 443 2082 propius
471 2002 629 2067 accedere.
677 2003 718 2067 Ε.
747 2003 869 2079 Maass,
899 2000 954 2082 qui
980 2002 1107 2068 Aratea
1135 2021 1204 2067 oum
1233 2003 1367 2070 scholiis

189 2131 252 2177 non
264 2111 332 2177 sine
345 2133 460 2194 magno
473 2113 581 2179 fructu
598 2133 687 2178 suam
703 2113 901 2194 provinciam
918 2112 1005 2192 fecit,
1021 2132 1123 2194 nuper
1138 2115 1261 2199 (Herm.
1280 2116 1367 2180 1884

187 2243 218 2304 p.
238 2226 313 2307 114)
337 2226 563 2306 exploraturus
586 2226 662 2306 quid
686 2245 724 2289 en
745 2225 961 2305 Theophrasti
983 2224 1066 2290 libro
1092 2225 1152 2303 „de
1176 2225 1298 2308 signis‘
1323 2228 1367 2292 ad

189 2335 401 2402 lectitandum
433 2338 466 2402 in
491 2340 598 2402 Arato
631 2337 776 2402 criticam
810 2336 1013 2413 redundaret,
1047 2336 1182 2402 miratus
1214 2344 1274 2417 est,
1307 2357 1367 2404 cur

188 2447 373 2528 scholiasta,
406 2468 498 2530 quem
531 2449 664 2514 eundem
698 2448 807 2514 multis
835 2447 1034 2530 argumentis
1060 2448 1212 2528 probarit
1239 2454 1367 2516 textum

188 2564 302 2640 poetae
318 2561 518 2626 emendatum
535 2561 682 2638 edidisse,
699 2580 729 2629 v.
748 2561 974 2640 ascoperam
991 2560 1206 2640 corruptelam
1221 2559 1368 2642 recipere

188 2673 367 2749 maluisset,
384 2692 479 2752 quam
492 2673 645 2737 medelam
659 2671 692 2736 in
705 2669 921 2751 Theophrasti
936 2671 1019 2736 libro
1036 2676 1192 2751 paratam.
1225 2671 1367 2740 Textnm

188 2783 272 2848 enim
303 2784 387 2849 hunc
419 2783 588 2850 constituit
615 2783 754 2849 numeris
783 2781 929 2863 quamvis
961 2780 1101 2846 turbatis
1136 2787 1210 2865 ,in’
1241 2785 1367 2874 αὐτόφι

186 2911 410 2986 μαραίνονται
440 2901 536 2984 atque
563 2895 597 2960 in
620 2894 751 2961 scholiis
779 2893 941 2974 explicare
968 2891 1103 2973 studuit,
1131 2913 1367 2976 quamquame

188 3007 403 3088 Theophrasti
418 3006 526 3073 verbis
542 3013 575 3092 (ς
593 3009 634 3071 14
650 3021 707 3076 καῖ
723 3011 787 3077 ἒοέτ
802 3009 953 3096 πηδῶσιν
969 3014 1005 3074 αἱ
1023 3005 1152 3087 α’κτῑτες
1169 3011 1223 3076 ἐπ’
1242 3009 1365 3089 αὐτόν)

188 3119 341 3184 t'aoillime
364 3119 508 3185 conicere
531 3120 659 3198 licebat,
688 3124 813 3200 poetam
838 3116 1007 3198 scripsisse
1030 3125 1064 3186 εἴ
1082 3148 1138 3187 κετ
1161 3100 1215 3187 ἐντ’
1240 3121 1360 3209 αὐτόφι

188 3248 419 3323 μαρμαίρωσττ
436 3233 583 3312 Ἀκτῑτες.
620 3232 654 3297 Ν
655 3250 695 3296 on
711 3229 794 3295 enim
815 3229 939 3310 sprevit
958 3228 1174 3310 Theophrasti
1196 3231 1361 3311 medelam,

189 3343 245 3408 sed
268 3343 394 3408 omnino
418 3363 481 3409 non
505 3342 658 3423 respexit.

295 3455 454 3537 Vegetius
485 3454 519 3519 in
552 3454 690 3536 epitoma
722 3453 769 3519 rei
800 3452 961 3531 militaris,
995 3470 1089 3532 quam
1122 3452 1301 3519 Theodosio
1335 3454 1365 3521 Ι.

189 3567 288 3645 misit,
321 3573 491 3648 postquam
523 3567 628 3646 lunae,
662 3565 750 3644 solis,
784 3564 920 3629 aliorum
952 3563 1159 3646 prognostica
1190 3565 1366 3647 adscripsit

190 3681 254 3763 (IV
283 3700 309 3744 c.
338 3680 403 3758 41),
436 3678 487 3744 his
518 3677 627 3745 verbis
661 3697 762 3759 „quae
789 3677 959 3762 Vergilius
990 3680 1023 3744 in
1052 3674 1223 3759 Georgicis
1254 3676 1365 3744 divino

189 3811 291 3872 paene
314 3791 552 3872 comprehendit
574 3789 703 3873 ingenio
732 3795 764 3855 et
787 3792 895 3858 Varro
924 3791 956 3856 iu
985 3789 1077 3856 libris
1100 3783 1271 3855 naualibus
1295 3789 1366 3854 dili·

188 3910 302 3986 genter
325 3903 486 3968 excoluit‘
515 3902 659 3984 profiteri
682 3902 810 3969 videtur
837 3922 872 3968 se
898 3902 1027 3969 illorum
1051 3901 1143 3966 libris
1166 3919 1258 3965 usum
1282 3919 1362 3967 esse.

189 4015 251 4081 Sed
279 4015 374 4081 valde
401 4015 567 4080 haeremus
596 4014 661 4079 utri
688 4015 869 4081 tribuamus
899 4014 1029 4097 singula
1055 4013 1149 4096 signa
1176 4032 1196 4076 a
1224 4010 1364 4096 Vegetio

188 4126 347 4208 apposita.
395 4127 501 4193 Varro
529 4131 673 4193 nostram
700 4127 920 4208 probationem
944 4127 1051 4204 habet,
1080 4124 1165 4205 quod
1192 4123 1259 4189 eius
1288 4123 1364 4189 libri

288 4381 311 4446 ¹)
329 4377 472 4443 Plutarch,
493 4377 536 4430 ed.
557 4378 682 4431 Diibner.
720 4378 783 4430 Par.
804 4377 880 4431 1855.
920 4377 940 4427 V
961 4394 988 4447 p.
1008 4377 1052 4442 35,
1071 4375 1113 4428 27.
