<?xml version="1.0" encoding="UTF-8"?>
<!DOCTYPE html PUBLIC "-//W3C//DTD XHTML 1.0 Transitional//EN"
    "http://www.w3.org/TR/xhtml1/DTD/xhtml1-transitional.dtd">
<html xmlns="http://www.w3.org/1999/xhtml" xml:lang="en" lang="en">
 <head>
  <title>
</title>
<meta http-equiv="Content-Type" content="text/html;charset=utf-8" />
  <meta name='ocr-system' content='tesseract 3.04.00' />
  <meta name='ocr-capabilities' content='ocr_page ocr_carea ocr_par ocr_line ocrx_word'/>
</head>
<body>
  <div class='ocr_page' id='page_1' title='image "./detheophrasteis00boehgoog_0091.png"; bbox 0 0 2948 5160; ppageno 0'>
   <div class='ocr_carea' id='block_1_1' title="bbox 614 582 834 645">
    <p class='ocr_par' dir='ltr' id='par_1_1' title="bbox 614 582 834 645">
     <span class='ocr_line' id='line_1_1' title="bbox 614 582 834 645; baseline 0 -16"><span class='ocrx_word' id='word_1_1' title='bbox 614 582 834 645; x_wconf 66' lang='grc'>...83-</span> 
     </span>
    </p>
   </div>
   <div class='ocr_carea' id='block_1_2' title="bbox 141 775 1446 2065">
    <p class='ocr_par' dir='ltr' id='par_1_2' title="bbox 141 775 1446 2065">
     <span class='ocr_line' id='line_1_2' title="bbox 250 775 1446 858; baseline -0.003 -14"><span class='ocrx_word' id='word_1_2' title='bbox 250 777 286 844; x_wconf 80' lang='lat' dir='ltr'><strong>st</strong></span> <span class='ocrx_word' id='word_1_3' title='bbox 309 776 379 858; x_wconf 89' lang='lat' dir='ltr'><strong>quis</strong></span> <span class='ocrx_word' id='word_1_4' title='bbox 396 796 471 843; x_wconf 91' lang='lat' dir='ltr'><strong>vero</strong></span> <span class='ocrx_word' id='word_1_5' title='bbox 488 775 748 842; x_wconf 81' lang='lat' dir='ltr'><strong>commentationi</strong></span> <span class='ocrx_word' id='word_1_6' title='bbox 763 796 852 842; x_wconf 91' lang='lat' dir='ltr'><strong>meae</strong></span> <span class='ocrx_word' id='word_1_7' title='bbox 867 776 959 841; x_wconf 91' lang='lat' dir='ltr'><strong>fidem</strong></span> <span class='ocrx_word' id='word_1_8' title='bbox 975 777 1108 858; x_wconf 82' lang='lat' dir='ltr'>deroget</span> <span class='ocrx_word' id='word_1_9' title='bbox 1123 780 1215 841; x_wconf 89' lang='lat' dir='ltr'><strong>ratus</strong></span> <span class='ocrx_word' id='word_1_10' title='bbox 1229 775 1316 841; x_wconf 89' lang='lat' dir='ltr'><strong>inter</strong></span> <span class='ocrx_word' id='word_1_11' title='bbox 1442 816 1446 821; x_wconf 97' lang='lat'>-</span> 
     </span>
     <span class='ocr_line' id='line_1_3' title="bbox 142 886 1315 969; baseline -0.003 -15"><span class='ocrx_word' id='word_1_12' title='bbox 142 888 315 969; x_wconf 90' lang='lat' dir='ltr'><strong>ampliores</strong></span> <span class='ocrx_word' id='word_1_13' title='bbox 347 889 426 953; x_wconf 90' lang='lat' dir='ltr'><strong>fines</strong></span> <span class='ocrx_word' id='word_1_14' title='bbox 458 893 558 953; x_wconf 92' lang='lat' dir='ltr'><strong>totam</strong></span> <span class='ocrx_word' id='word_1_15' title='bbox 592 887 809 968; x_wconf 87' lang='lat' dir='ltr'><strong>quaestionem</strong></span> <span class='ocrx_word' id='word_1_16' title='bbox 836 887 993 953; x_wconf 88' lang='lat' dir='ltr'><strong>fluctuare</strong></span> <span class='ocrx_word' id='word_1_17' title='bbox 1020 887 1081 952; x_wconf 93' lang='lat' dir='ltr'><strong>nisi</strong></span> <span class='ocrx_word' id='word_1_18' title='bbox 1113 886 1315 969; x_wconf 91' lang='lat' dir='ltr'><strong>diiudicetur,</strong></span> 
     </span>
     <span class='ocr_line' id='line_1_4' title="bbox 141 997 1438 1081; baseline -0.002 -16"><span class='ocrx_word' id='word_1_19' title='bbox 141 1000 217 1081; x_wconf 89' lang='lat' dir='ltr'><strong>quid</strong></span> <span class='ocrx_word' id='word_1_20' title='bbox 241 1000 354 1080; x_wconf 87' lang='lat' dir='ltr'><strong>cuique</strong></span> <span class='ocrx_word' id='word_1_21' title='bbox 377 1002 411 1064; x_wconf 92' lang='lat' dir='ltr'><strong>in</strong></span> <span class='ocrx_word' id='word_1_22' title='bbox 434 998 594 1080; x_wconf 78' lang='lat' dir='ltr'><strong>excerptis</strong></span> <span class='ocrx_word' id='word_1_23' title='bbox 610 998 813 1065; x_wconf 90' lang='lat' dir='ltr'><strong>tribuendum</strong></span> <span class='ocrx_word' id='word_1_24' title='bbox 829 999 882 1077; x_wconf 80' lang='lat' dir='ltr'><strong>su,</strong></span> <span class='ocrx_word' id='word_1_25' title='bbox 907 999 1042 1065; x_wconf 89' lang='lat' dir='ltr'><strong>concedo</strong></span> <span class='ocrx_word' id='word_1_26' title='bbox 1059 997 1133 1064; x_wconf 91' lang='lat' dir='ltr'><strong>hinc</strong></span> <span class='ocrx_word' id='word_1_27' title='bbox 1148 1017 1214 1063; x_wconf 90' lang='lat' dir='ltr'><strong>rem</strong></span> <span class='ocrx_word' id='word_1_28' title='bbox 1230 1000 1315 1064; x_wconf 89' lang='lat' dir='ltr'><strong>male</strong></span> <span class='ocrx_word' id='word_1_29' title='bbox 1434 1062 1438 1075; x_wconf 78' lang='grc'><strong>,</strong></span> 
     </span>
     <span class='ocr_line' id='line_1_5' title="bbox 142 1109 1314 1190; baseline -0.001 -14"><span class='ocrx_word' id='word_1_30' title='bbox 142 1110 333 1176; x_wconf 88' lang='lat' dir='ltr'><strong>claudicare.</strong></span> <span class='ocrx_word' id='word_1_31' title='bbox 377 1111 439 1177; x_wconf 85' lang='lat' dir='ltr'><strong>Sed</strong></span> <span class='ocrx_word' id='word_1_32' title='bbox 463 1130 525 1175; x_wconf 90' lang='lat' dir='ltr'><strong>non</strong></span> <span class='ocrx_word' id='word_1_33' title='bbox 549 1117 625 1176; x_wconf 90' lang='lat' dir='ltr'><strong>ante</strong></span> <span class='ocrx_word' id='word_1_34' title='bbox 648 1110 856 1175; x_wconf 82' lang='lat' dir='ltr'><strong>difficultates</strong></span> <span class='ocrx_word' id='word_1_35' title='bbox 873 1109 1015 1190; x_wconf 90' lang='lat' dir='ltr'><strong>expediri</strong></span> <span class='ocrx_word' id='word_1_36' title='bbox 1038 1128 1133 1190; x_wconf 88' lang='lat' dir='ltr'><strong>posse</strong></span> <span class='ocrx_word' id='word_1_37' title='bbox 1155 1109 1314 1189; x_wconf 86' lang='lat' dir='ltr'><strong>videntur,</strong></span> 
     </span>
     <span class='ocr_line' id='line_1_6' title="bbox 143 1221 1316 1304; baseline 0 -18"><span class='ocrx_word' id='word_1_38' title='bbox 143 1241 238 1302; x_wconf 86' lang='lat' dir='ltr'><strong>quam</strong></span> <span class='ocrx_word' id='word_1_39' title='bbox 262 1222 389 1302; x_wconf 87' lang='lat' dir='ltr'><strong>penitus</strong></span> <span class='ocrx_word' id='word_1_40' title='bbox 412 1228 613 1302; x_wconf 90' lang='lat' dir='ltr'><strong>perspectum</strong></span> <span class='ocrx_word' id='word_1_41' title='bbox 638 1221 690 1297; x_wconf 82' lang='lat' dir='ltr'><strong>sit,</strong></span> <span class='ocrx_word' id='word_1_42' title='bbox 715 1241 777 1302; x_wconf 83' lang='lat' dir='ltr'><strong>qua</strong></span> <span class='ocrx_word' id='word_1_43' title='bbox 793 1221 919 1286; x_wconf 88' lang='lat' dir='ltr'><strong>ratione</strong></span> <span class='ocrx_word' id='word_1_44' title='bbox 941 1221 1061 1304; x_wconf 83' lang='lat' dir='ltr'>singuli</span> <span class='ocrx_word' id='word_1_45' title='bbox 1082 1221 1316 1302; x_wconf 82' lang='lat' dir='ltr'><strong>problematum</strong></span> 
     </span>
     <span class='ocr_line' id='line_1_7' title="bbox 143 1332 1313 1414; baseline 0.001 -17"><span class='ocrx_word' id='word_1_46' title='bbox 143 1333 219 1398; x_wconf 86' lang='lat' dir='ltr'>libri</span> <span class='ocrx_word' id='word_1_47' title='bbox 242 1334 283 1398; x_wconf 86' lang='lat' dir='ltr'><strong>ad</strong></span> <span class='ocrx_word' id='word_1_48' title='bbox 298 1333 514 1414; x_wconf 78' lang='lat' dir='ltr'><strong>Theophrasti</strong></span> <span class='ocrx_word' id='word_1_49' title='bbox 536 1333 658 1414; x_wconf 89' lang='lat' dir='ltr'><strong>scripta</strong></span> <span class='ocrx_word' id='word_1_50' title='bbox 673 1333 798 1398; x_wconf 90' lang='lat' dir='ltr'><strong>minora</strong></span> <span class='ocrx_word' id='word_1_51' title='bbox 821 1333 999 1413; x_wconf 90' lang='lat' dir='ltr'><strong>supplenda</strong></span> <span class='ocrx_word' id='word_1_52' title='bbox 1019 1332 1165 1398; x_wconf 84' lang='lat' dir='ltr'><strong>adhiberi</strong></span> <span class='ocrx_word' id='word_1_53' title='bbox 1180 1333 1313 1414; x_wconf 89' lang='lat' dir='ltr'><strong>possint,</strong></span> 
     </span>
     <span class='ocr_line' id='line_1_8' title="bbox 144 1443 1315 1527; baseline 0.001 -20"><span class='ocrx_word' id='word_1_54' title='bbox 144 1463 236 1523; x_wconf 87' lang='lat' dir='ltr'><strong>quam</strong></span> <span class='ocrx_word' id='word_1_55' title='bbox 260 1444 426 1510; x_wconf 87' lang='lat' dir='ltr'><strong>Posidonii</strong></span> <span class='ocrx_word' id='word_1_56' title='bbox 449 1451 481 1509; x_wconf 91' lang='lat' dir='ltr'><strong>et</strong></span> <span class='ocrx_word' id='word_1_57' title='bbox 501 1445 618 1509; x_wconf 87' lang='lat' dir='ltr'><strong>Boethi</strong></span> <span class='ocrx_word' id='word_1_58' title='bbox 641 1444 821 1512; x_wconf 80' lang='lat' dir='ltr'><strong>Stoicorum</strong></span> <span class='ocrx_word' id='word_1_59' title='bbox 845 1445 1028 1527; x_wconf 75' lang='lat' dir='ltr'><strong>fingmento</strong></span> <span class='ocrx_word' id='word_1_60' title='bbox 1052 1445 1112 1509; x_wconf 89' lang='lat' dir='ltr'><strong>huc</strong></span> <span class='ocrx_word' id='word_1_61' title='bbox 1132 1443 1315 1525; x_wconf 81' lang='lat' dir='ltr'><strong>spectantia</strong></span> 
     </span>
     <span class='ocr_line' id='line_1_9' title="bbox 144 1555 1316 1636; baseline 0.002 -18"><span class='ocrx_word' id='word_1_62' title='bbox 144 1555 278 1620; x_wconf 91' lang='lat' dir='ltr'><strong>collecta</strong></span> <span class='ocrx_word' id='word_1_63' title='bbox 313 1555 387 1634; x_wconf 83' lang='lat' dir='ltr'><strong>sint,</strong></span> <span class='ocrx_word' id='word_1_64' title='bbox 427 1574 521 1636; x_wconf 89' lang='lat' dir='ltr'><strong>quam</strong></span> <span class='ocrx_word' id='word_1_65' title='bbox 559 1555 602 1620; x_wconf 91' lang='lat' dir='ltr'><strong>sit</strong></span> <span class='ocrx_word' id='word_1_66' title='bbox 637 1557 839 1636; x_wconf 90' lang='lat' dir='ltr'><strong>exploratum</strong></span> <span class='ocrx_word' id='word_1_67' title='bbox 873 1555 988 1636; x_wconf 85' lang='lat' dir='ltr'><strong>quibus</strong></span> <span class='ocrx_word' id='word_1_68' title='bbox 1026 1555 1316 1622; x_wconf 79' lang='lat' dir='ltr'><strong>necessitudinibus</strong></span> 
     </span>
     <span class='ocr_line' id='line_1_10' title="bbox 143 1665 1316 1750; baseline 0.002 -21"><span class='ocrx_word' id='word_1_69' title='bbox 143 1665 243 1730; x_wconf 90' lang='lat' dir='ltr'><strong>Plinii</strong></span> <span class='ocrx_word' id='word_1_70' title='bbox 275 1667 405 1732; x_wconf 90' lang='lat' dir='ltr'><strong>secundi</strong></span> <span class='ocrx_word' id='word_1_71' title='bbox 437 1666 511 1732; x_wconf 88' lang='lat' dir='ltr'><strong>libri</strong></span> <span class='ocrx_word' id='word_1_72' title='bbox 544 1668 706 1750; x_wconf 85' lang='lat' dir='ltr'><strong>castigata</strong></span> <span class='ocrx_word' id='word_1_73' title='bbox 737 1686 813 1748; x_wconf 88' lang='lat' dir='ltr'><strong>pars</strong></span> <span class='ocrx_word' id='word_1_74' title='bbox 841 1686 911 1733; x_wconf 94' lang='lat' dir='ltr'><strong>cum</strong></span> <span class='ocrx_word' id='word_1_75' title='bbox 939 1669 961 1733; x_wconf 94' lang='lat' dir='ltr'><strong>l.</strong></span> <span class='ocrx_word' id='word_1_76' title='bbox 989 1668 1118 1736; x_wconf 90' lang='lat' dir='ltr'>XVIII</span> <span class='ocrx_word' id='word_1_77' title='bbox 1146 1666 1316 1733; x_wconf 88' lang='lat' dir='ltr'><strong>coniuncta</strong></span> 
     </span>
     <span class='ocr_line' id='line_1_11' title="bbox 141 1776 1315 1860; baseline 0.001 -18"><span class='ocrx_word' id='word_1_78' title='bbox 141 1777 193 1842; x_wconf 90' lang='lat' dir='ltr'><strong>sit.</strong></span> <span class='ocrx_word' id='word_1_79' title='bbox 232 1776 375 1860; x_wconf 79' lang='lat' dir='ltr'><strong>erarum</strong></span> <span class='ocrx_word' id='word_1_80' title='bbox 392 1778 612 1858; x_wconf 75' lang='lat' dir='ltr'><strong>quaestionum</strong></span> <span class='ocrx_word' id='word_1_81' title='bbox 629 1799 711 1859; x_wconf 88' lang='lat' dir='ltr'><strong>quae</strong></span> <span class='ocrx_word' id='word_1_82' title='bbox 726 1778 864 1857; x_wconf 82' lang='lat' dir='ltr'><strong>facilius,</strong></span> <span class='ocrx_word' id='word_1_83' title='bbox 888 1798 970 1860; x_wconf 87' lang='lat' dir='ltr'><strong>quae</strong></span> <span class='ocrx_word' id='word_1_84' title='bbox 986 1778 1105 1845; x_wconf 90' lang='lat' dir='ltr'><strong>maiore</strong></span> <span class='ocrx_word' id='word_1_85' title='bbox 1121 1797 1192 1844; x_wconf 90' lang='lat' dir='ltr'><strong>cum</strong></span> <span class='ocrx_word' id='word_1_86' title='bbox 1207 1779 1315 1844; x_wconf 83' lang='lat' dir='ltr'><strong>fructu</strong></span> 
     </span>
     <span class='ocr_line' id='line_1_12' title="bbox 142 1889 1315 1974; baseline 0.002 -22"><span class='ocrx_word' id='word_1_87' title='bbox 142 1889 271 1954; x_wconf 89' lang='lat' dir='ltr'><strong>institui</strong></span> <span class='ocrx_word' id='word_1_88' title='bbox 294 1889 405 1969; x_wconf 87' lang='lat' dir='ltr'><strong>possit,</strong></span> <span class='ocrx_word' id='word_1_89' title='bbox 438 1891 615 1955; x_wconf 87' lang='lat' dir='ltr'><strong>doctiorum</strong></span> <span class='ocrx_word' id='word_1_90' title='bbox 638 1891 682 1956; x_wconf 90' lang='lat' dir='ltr'><strong>sit</strong></span> <span class='ocrx_word' id='word_1_91' title='bbox 709 1891 874 1971; x_wconf 89' lang='lat' dir='ltr'><strong>iudicium;</strong></span> <span class='ocrx_word' id='word_1_92' title='bbox 908 1910 968 1974; x_wconf 83' lang='lat' dir='ltr'><strong>ego</strong></span> <span class='ocrx_word' id='word_1_93' title='bbox 1002 1892 1043 1956; x_wconf 90' lang='lat' dir='ltr'><strong>ad</strong></span> <span class='ocrx_word' id='word_1_94' title='bbox 1074 1890 1163 1956; x_wconf 87' lang='lat' dir='ltr'><strong>aliud</strong></span> <span class='ocrx_word' id='word_1_95' title='bbox 1190 1895 1315 1971; x_wconf 88' lang='lat' dir='ltr'><strong>tempus</strong></span> 
     </span>
     <span class='ocr_line' id='line_1_13' title="bbox 143 2000 265 2065; baseline -0.008 -1"><span class='ocrx_word' id='word_1_96' title='bbox 143 2000 265 2065; x_wconf 88' lang='lat' dir='ltr'><strong>differo.</strong></span> 
     </span>
    </p>
   </div>
   <div class='ocr_carea' id='block_1_3' title="bbox 575 2140 889 2157">
    <p class='ocr_par' dir='ltr' id='par_1_3' title="bbox 575 2140 889 2157">
     <span class='ocr_line' id='line_1_14' title="bbox 575 2140 889 2157; baseline 0.006 -2"><span class='ocrx_word' id='word_1_97' title='bbox 575 2145 619 2150; x_wconf 91' lang='lat'><strong>--</strong></span> <span class='ocrx_word' id='word_1_98' title='bbox 630 2140 889 2157; x_wconf 85' lang='lat'>———-·-</span> 
     </span>
    </p>
   </div>
   <div class='ocr_carea' id='block_1_4' title="bbox 342 2291 1111 2380">
    <p class='ocr_par' dir='ltr' id='par_1_4' title="bbox 342 2291 1111 2380">
     <span class='ocr_line' id='line_1_15' title="bbox 342 2291 1111 2380; baseline 0.007 -5"><span class='ocrx_word' id='word_1_99' title='bbox 342 2291 448 2378; x_wconf 73' lang='lat' dir='ltr'><strong>&#39;Phoci</strong></span> <span class='ocrx_word' id='word_1_100' title='bbox 476 2303 734 2379; x_wconf 70' lang='lat' dir='ltr'><strong>[nefariorum</strong></span> <span class='ocrx_word' id='word_1_101' title='bbox 763 2304 839 2380; x_wconf 80' lang='lat' dir='ltr'><strong>loct</strong></span> <span class='ocrx_word' id='word_1_102' title='bbox 869 2303 1111 2380; x_wconf 75' lang='lat' dir='ltr'><strong>[MENDthUR.</strong></span> 
     </span>
    </p>
   </div>
   <div class='ocr_carea' id='block_1_5' title="bbox 144 2488 1318 2701">
    <p class='ocr_par' dir='ltr' id='par_1_5' title="bbox 144 2488 1318 2701">
     <span class='ocr_line' id='line_1_16' title="bbox 144 2488 1318 2588; baseline 0.005 -30"><span class='ocrx_word' id='word_1_103' title='bbox 144 2494 164 2570; x_wconf 63' lang='grc' dir='ltr'><strong>ἕ</strong></span> <span class='ocrx_word' id='word_1_104' title='bbox 209 2489 362 2583; x_wconf 66' lang='grc' dir='ltr'><strong><em>ὗιιῗσπερ</em></strong></span> <span class='ocrx_word' id='word_1_105' title='bbox 395 2488 455 2563; x_wconf 66' lang='grc' dir='ltr'><strong>οὖν</strong></span> <span class='ocrx_word' id='word_1_106' title='bbox 487 2495 581 2584; x_wconf 74' lang='grc' dir='ltr'><strong><em>ἡλίου</em></strong></span> <span class='ocrx_word' id='word_1_107' title='bbox 614 2496 793 2588; x_wconf 66' lang='grc' dir='ltr'><strong><em>ἔκλειψις</em></strong></span> <span class='ocrx_word' id='word_1_108' title='bbox 826 2510 961 2581; x_wconf 78' lang='grc' dir='ltr'><strong><em>γίνεται,</em></strong></span> <span class='ocrx_word' id='word_1_109' title='bbox 995 2499 1082 2565; x_wconf 66' lang='lat' dir='ltr'><strong>nacci</strong></span> <span class='ocrx_word' id='word_1_110' title='bbox 1112 2500 1171 2565; x_wconf 71' lang='grc' dir='ltr'><strong><em>ι’ὀν</em></strong></span> <span class='ocrx_word' id='word_1_111' title='bbox 1203 2494 1318 2582; x_wconf 70' lang='grc' dir='ltr'><strong><em>ὅμοιον</em></strong></span> 
     </span>
     <span class='ocr_line' id='line_1_17' title="bbox 253 2606 1316 2701; baseline 0 -31"><span class='ocrx_word' id='word_1_112' title='bbox 253 2606 376 2693; x_wconf 79' lang='grc' dir='ltr'><strong><em>τρόπον</em></strong></span> <span class='ocrx_word' id='word_1_113' title='bbox 399 2619 456 2674; x_wconf 81' lang='grc' dir='ltr'><strong>καὶ</strong></span> <span class='ocrx_word' id='word_1_114' title='bbox 479 2612 536 2696; x_wconf 81' lang='grc' dir='ltr'><strong>τῆς</strong></span> <span class='ocrx_word' id='word_1_115' title='bbox 561 2609 696 2697; x_wconf 72' lang='grc' dir='ltr'><strong><em>σελήνης</em></strong></span> <span class='ocrx_word' id='word_1_116' title='bbox 713 2609 942 2701; x_wconf 76' lang='grc' dir='ltr'><strong><em>α’πόλειψις.</em></strong></span> <span class='ocrx_word' id='word_1_117' title='bbox 978 2608 1019 2673; x_wconf 81' lang='lat' dir='ltr'><strong>cf.</strong></span> <span class='ocrx_word' id='word_1_118' title='bbox 1041 2627 1138 2688; x_wconf 82' lang='lat' dir='ltr'><strong>Supra</strong></span> <span class='ocrx_word' id='word_1_119' title='bbox 1159 2627 1188 2688; x_wconf 85' lang='lat' dir='ltr'><strong>p.</strong></span> <span class='ocrx_word' id='word_1_120' title='bbox 1208 2606 1316 2671; x_wconf 84' lang='lat'>63·64.</span> 
     </span>
    </p>
   </div>
   <div class='ocr_carea' id='block_1_6' title="bbox 141 2740 1319 3285">
    <p class='ocr_par' dir='ltr' id='par_1_6' title="bbox 141 2740 1319 3285">
     <span class='ocr_line' id='line_1_18' title="bbox 141 2740 1316 2836; baseline 0.012 -31"><span class='ocrx_word' id='word_1_121' title='bbox 141 2745 161 2822; x_wconf 63' lang='grc' dir='ltr'>ξ</span> <span class='ocrx_word' id='word_1_122' title='bbox 187 2740 227 2804; x_wconf 70' lang='lat' dir='ltr'><strong>li)</strong></span> <span class='ocrx_word' id='word_1_123' title='bbox 251 2744 345 2831; x_wconf 77' lang='grc' dir='ltr'><strong><em>δηλοῖ</em></strong></span> <span class='ocrx_word' id='word_1_124' title='bbox 371 2747 408 2812; x_wconf 75' lang='grc' dir='ltr'><strong>δὲ</strong></span> <span class='ocrx_word' id='word_1_125' title='bbox 436 2757 493 2812; x_wconf 82' lang='grc' dir='ltr'><strong>καὶ</strong></span> <span class='ocrx_word' id='word_1_126' title='bbox 521 2749 564 2813; x_wconf 75' lang='grc' dir='ltr'><strong>τοὶ</strong></span> <span class='ocrx_word' id='word_1_127' title='bbox 595 2745 684 2815; x_wconf 68' lang='grc' dir='ltr'><strong><em>ἄλλα</em></strong></span> <span class='ocrx_word' id='word_1_128' title='bbox 717 2765 832 2834; x_wconf 64' lang='grc' dir='ltr'><strong><em>σημεῖα</em></strong></span> <span class='ocrx_word' id='word_1_129' title='bbox 857 2767 862 2778; x_wconf 83' lang='grc'><em>·</em></span> <span class='ocrx_word' id='word_1_130' title='bbox 884 2749 948 2816; x_wconf 70' lang='grc' dir='ltr'><strong><em>ιὀὶν</em></strong></span> <span class='ocrx_word' id='word_1_131' title='bbox 974 2750 1038 2836; x_wconf 77' lang='grc' dir='ltr'><strong>γοὶρ</strong></span> <span class='ocrx_word' id='word_1_132' title='bbox 1070 2749 1115 2836; x_wconf 72' lang='grc' dir='ltr'><strong>μή</strong></span> <span class='ocrx_word' id='word_1_133' title='bbox 1150 2749 1316 2835; x_wconf 79' lang='grc' dir='ltr'><strong><em>πρότερον,</em></strong></span> 
     </span>
     <span class='ocr_line' id='line_1_19' title="bbox 252 2858 1317 2947; baseline 0.009 -26"><span class='ocrx_word' id='word_1_134' title='bbox 252 2873 382 2941; x_wconf 79' lang='grc' dir='ltr'><em>τριταῖοι</em></span> <span class='ocrx_word' id='word_1_135' title='bbox 398 2858 547 2942; x_wconf 75' lang='grc' dir='ltr'><strong><em>μάλιστα</em></strong></span> <span class='ocrx_word' id='word_1_136' title='bbox 566 2861 750 2947; x_wconf 69' lang='grc' dir='ltr'><strong><em>(σημαίνει)</em></strong></span> <span class='ocrx_word' id='word_1_137' title='bbox 764 2915 769 2925; x_wconf 96' lang='grc'><em>.</em></span> <span class='ocrx_word' id='word_1_138' title='bbox 782 2861 818 2926; x_wconf 78' lang='grc' dir='ltr'><strong>τό</strong></span> <span class='ocrx_word' id='word_1_139' title='bbox 836 2863 1063 2946; x_wconf 66' lang='grc' dir='ltr'><strong><em>ἐπιφοινίσσον</em></strong></span> <span class='ocrx_word' id='word_1_140' title='bbox 1078 2871 1136 2926; x_wconf 72' lang='lat' dir='ltr'><strong>noct</strong></span> <span class='ocrx_word' id='word_1_141' title='bbox 1153 2860 1317 2937; x_wconf 75' lang='grc' dir='ltr'><strong><em>δύνοντος,</em></strong></span> 
     </span>
     <span class='ocr_line' id='line_1_20' title="bbox 253 2958 1319 3059; baseline -0.001 -26"><span class='ocrx_word' id='word_1_142' title='bbox 253 2958 349 3055; x_wconf 77' lang='grc' dir='ltr'><strong><em>ἧττον</em></strong></span> <span class='ocrx_word' id='word_1_143' title='bbox 382 2971 419 3035; x_wconf 79' lang='grc' dir='ltr'><strong>δὲ</strong></span> <span class='ocrx_word' id='word_1_144' title='bbox 451 2968 473 3058; x_wconf 73' lang='grc' dir='ltr'><em>ἢ</em></span> <span class='ocrx_word' id='word_1_145' title='bbox 505 2972 542 3037; x_wconf 79' lang='grc' dir='ltr'><strong>τό</strong></span> <span class='ocrx_word' id='word_1_146' title='bbox 572 2975 729 3040; x_wconf 64' lang='grc' dir='ltr'><strong><em>ἑωθινοῦ.</em></strong></span> <span class='ocrx_word' id='word_1_147' title='bbox 776 2969 874 3034; x_wconf 83' lang='lat' dir='ltr'><strong>Prius</strong></span> <span class='ocrx_word' id='word_1_148' title='bbox 902 2985 1054 3059; x_wconf 78' lang='grc' dir='ltr'><strong><em>σημαίνει</em></strong></span> <span class='ocrx_word' id='word_1_149' title='bbox 1082 2974 1139 3034; x_wconf 74' lang='lat' dir='ltr'><strong>aut</strong></span> <span class='ocrx_word' id='word_1_150' title='bbox 1166 2966 1319 3034; x_wconf 79' lang='lat' dir='ltr'><strong>librarius</strong></span> 
     </span>
     <span class='ocr_line' id='line_1_21' title="bbox 254 3079 1316 3163; baseline -0.003 -17"><span class='ocrx_word' id='word_1_151' title='bbox 254 3082 371 3163; x_wconf 86' lang='lat' dir='ltr'><strong>aliquis</strong></span> <span class='ocrx_word' id='word_1_152' title='bbox 399 3082 507 3148; x_wconf 90' lang='lat' dir='ltr'><strong>omisit</strong></span> <span class='ocrx_word' id='word_1_153' title='bbox 534 3086 591 3148; x_wconf 91' lang='lat' dir='ltr'><strong>aut</strong></span> <span class='ocrx_word' id='word_1_154' title='bbox 619 3086 788 3162; x_wconf 77' lang='lat' dir='ltr'><strong>excerptor</strong></span> <span class='ocrx_word' id='word_1_155' title='bbox 814 3081 883 3163; x_wconf 91' lang='lat' dir='ltr'><strong>ipse</strong></span> <span class='ocrx_word' id='word_1_156' title='bbox 911 3081 1093 3147; x_wconf 76' lang='lat' dir='ltr'><strong>adscribere</strong></span> <span class='ocrx_word' id='word_1_157' title='bbox 1123 3079 1316 3160; x_wconf 88' lang='lat' dir='ltr'><strong>supe1·sedit;</strong></span> 
     </span>
     <span class='ocr_line' id='line_1_22' title="bbox 254 3192 1173 3285; baseline -0.005 -23"><span class='ocrx_word' id='word_1_158' title='bbox 254 3201 341 3262; x_wconf 91' lang='lat' dir='ltr'><strong>certe</strong></span> <span class='ocrx_word' id='word_1_159' title='bbox 364 3202 438 3276; x_wconf 89' lang='lat' dir='ltr'><strong>post</strong></span> <span class='ocrx_word' id='word_1_160' title='bbox 459 3199 607 3285; x_wconf 76' lang='grc' dir='ltr'><strong><em>μάλιστα</em></strong></span> <span class='ocrx_word' id='word_1_161' title='bbox 632 3193 778 3278; x_wconf 84' lang='lat' dir='ltr'><strong>graviter</strong></span> <span class='ocrx_word' id='word_1_162' title='bbox 801 3192 1091 3275; x_wconf 84' lang='lat' dir='ltr'><strong>interpungendum</strong></span> <span class='ocrx_word' id='word_1_163' title='bbox 1114 3198 1173 3257; x_wconf 91' lang='lat' dir='ltr'><strong>est.</strong></span> 
     </span>
    </p>
   </div>
   <div class='ocr_carea' id='block_1_7' title="bbox 142 3333 1314 3535">
    <p class='ocr_par' dir='ltr' id='par_1_7' title="bbox 142 3333 1314 3535">
     <span class='ocr_line' id='line_1_23' title="bbox 142 3333 1314 3426; baseline -0.008 -22"><span class='ocrx_word' id='word_1_164' title='bbox 142 3341 162 3414; x_wconf 66' lang='grc' dir='ltr'>ξ</span> <span class='ocrx_word' id='word_1_165' title='bbox 188 3336 227 3398; x_wconf 81' lang='grc'><strong>16</strong></span> <span class='ocrx_word' id='word_1_166' title='bbox 254 3338 385 3426; x_wconf 74' lang='grc' dir='ltr'><strong><em>Κορώνη</em></strong></span> <span class='ocrx_word' id='word_1_167' title='bbox 410 3339 466 3402; x_wconf 65' lang='grc' dir='ltr'><strong>ἐπὶ</strong></span> <span class='ocrx_word' id='word_1_168' title='bbox 490 3348 611 3425; x_wconf 75' lang='grc' dir='ltr'><strong><em>ιτίτροις</em></strong></span> <span class='ocrx_word' id='word_1_169' title='bbox 635 3337 874 3424; x_wconf 71' lang='grc' dir='ltr'><strong><em>λοικορνζομίνη</em></strong></span> <span class='ocrx_word' id='word_1_170' title='bbox 903 3338 972 3416; x_wconf 80' lang='lat' dir='ltr'><strong>(pro</strong></span> <span class='ocrx_word' id='word_1_171' title='bbox 1001 3345 1243 3421; x_wconf 78' lang='grc' dir='ltr'><strong><em>κορνσσομίνη).</em></strong></span> <span class='ocrx_word' id='word_1_172' title='bbox 1274 3333 1314 3397; x_wconf 76' lang='lat' dir='ltr'><strong>cf.</strong></span> 
     </span>
     <span class='ocr_line' id='line_1_24' title="bbox 256 3442 1036 3535; baseline -0.005 -25"><span class='ocrx_word' id='word_1_173' title='bbox 256 3446 354 3510; x_wconf 79' lang='lat' dir='ltr'><strong>Arai.</strong></span> <span class='ocrx_word' id='word_1_174' title='bbox 379 3465 409 3510; x_wconf 86' lang='lat' dir='ltr'><strong>V.</strong></span> <span class='ocrx_word' id='word_1_175' title='bbox 435 3446 566 3511; x_wconf 71' lang='grc'><strong>949-50.</strong></span> <span class='ocrx_word' id='word_1_176' title='bbox 591 3449 815 3535; x_wconf 78' lang='grc' dir='ltr'><strong><em>λακιρόζομοιι</em></strong></span> <span class='ocrx_word' id='word_1_177' title='bbox 839 3442 1036 3524; x_wconf 70' lang='lat' dir='ltr'><strong>Hesychius</strong></span> 
     </span>
    </p>
   </div>
   <div class='ocr_carea' id='block_1_8' title="bbox 142 3584 1323 4787">
    <p class='ocr_par' dir='ltr' id='par_1_8' title="bbox 142 3584 1321 4447">
     <span class='ocr_line' id='line_1_25' title="bbox 142 3584 1319 3683; baseline 0.005 -36"><span class='ocrx_word' id='word_1_178' title='bbox 142 3592 161 3665; x_wconf 65' lang='grc' dir='ltr'>ξ</span> <span class='ocrx_word' id='word_1_179' title='bbox 189 3586 228 3647; x_wconf 79' lang='grc'><strong>18</strong></span> <span class='ocrx_word' id='word_1_180' title='bbox 253 3588 372 3651; x_wconf 76' lang='grc' dir='ltr'><strong><em>κολοιοὶ</em></strong></span> <span class='ocrx_word' id='word_1_181' title='bbox 396 3597 452 3650; x_wconf 74' lang='grc' dir='ltr'><strong>καὶ</strong></span> <span class='ocrx_word' id='word_1_182' title='bbox 477 3584 636 3663; x_wconf 71' lang='grc' dir='ltr'><strong><em>οἶλκοόνες</em></strong></span> <span class='ocrx_word' id='word_1_183' title='bbox 661 3589 730 3664; x_wconf 81' lang='lat' dir='ltr'><strong>(pro</strong></span> <span class='ocrx_word' id='word_1_184' title='bbox 748 3584 976 3672; x_wconf 76' lang='grc' dir='ltr'><strong><em>α’λεκτρνόνες)</em></strong></span> <span class='ocrx_word' id='word_1_185' title='bbox 1000 3585 1064 3651; x_wconf 72' lang='grc' dir='ltr'><strong>ἒοῖν</strong></span> <span class='ocrx_word' id='word_1_186' title='bbox 1087 3612 1119 3650; x_wconf 72' lang='grc' dir='ltr'><strong>τι</strong></span> <span class='ocrx_word' id='word_1_187' title='bbox 1144 3586 1201 3651; x_wconf 65' lang='grc' dir='ltr'><strong>ἐπὶ</strong></span> <span class='ocrx_word' id='word_1_188' title='bbox 1222 3587 1319 3683; x_wconf 74' lang='grc' dir='ltr'><strong><em>λίμνῃ</em></strong></span> 
     </span>
     <span class='ocr_line' id='line_1_26' title="bbox 255 3691 1320 3794; baseline -0.002 -33"><span class='ocrx_word' id='word_1_189' title='bbox 255 3695 275 3782; x_wconf 77' lang='grc' dir='ltr'><em>ἢ</em></span> <span class='ocrx_word' id='word_1_190' title='bbox 295 3696 452 3794; x_wconf 63' lang='grc' dir='ltr'><strong><em>θαλάσσῃ</em></strong></span> <span class='ocrx_word' id='word_1_191' title='bbox 470 3695 809 3785; x_wconf 69' lang='grc' dir='ltr'><strong><em>οἷποπιτρογίζοιται.</em></strong></span> <span class='ocrx_word' id='word_1_192' title='bbox 845 3693 911 3760; x_wconf 92' lang='lat' dir='ltr'><strong>Vix</strong></span> <span class='ocrx_word' id='word_1_193' title='bbox 932 3692 1015 3757; x_wconf 83' lang='lat' dir='ltr'><strong>eninr</strong></span> <span class='ocrx_word' id='word_1_194' title='bbox 1031 3691 1197 3773; x_wconf 87' lang='lat' dir='ltr'><strong>quisquam</strong></span> <span class='ocrx_word' id='word_1_195' title='bbox 1214 3694 1320 3776; x_wconf 83' lang='lat' dir='ltr'><strong>gallos</strong></span> 
     </span>
     <span class='ocr_line' id='line_1_27' title="bbox 255 3805 1320 3886; baseline -0.001 -15"><span class='ocrx_word' id='word_1_196' title='bbox 255 3808 404 3871; x_wconf 88' lang='lat' dir='ltr'><strong>lavantes</strong></span> <span class='ocrx_word' id='word_1_197' title='bbox 439 3806 567 3885; x_wconf 89' lang='lat' dir='ltr'><strong>viderit,</strong></span> <span class='ocrx_word' id='word_1_198' title='bbox 600 3806 710 3871; x_wconf 89' lang='lat' dir='ltr'><strong>alcedo</strong></span> <span class='ocrx_word' id='word_1_199' title='bbox 745 3824 821 3871; x_wconf 92' lang='lat' dir='ltr'><strong>vero</strong></span> <span class='ocrx_word' id='word_1_200' title='bbox 854 3826 874 3870; x_wconf 92' lang='lat' dir='ltr'><strong>a</strong></span> <span class='ocrx_word' id='word_1_201' title='bbox 906 3805 1010 3886; x_wconf 88' lang='lat' dir='ltr'><strong>poetis</strong></span> <span class='ocrx_word' id='word_1_202' title='bbox 1042 3805 1123 3870; x_wconf 86' lang='lat' dir='ltr'><strong>satis</strong></span> <span class='ocrx_word' id='word_1_203' title='bbox 1156 3806 1320 3870; x_wconf 86' lang='lat' dir='ltr'><strong>celebrata</strong></span> 
     </span>
     <span class='ocr_line' id='line_1_28' title="bbox 254 3916 1321 3999; baseline -0.002 -16"><span class='ocrx_word' id='word_1_204' title='bbox 254 3924 481 3999; x_wconf 87' lang='lat' dir='ltr'><strong>tempestatum</strong></span> <span class='ocrx_word' id='word_1_205' title='bbox 509 3917 700 3995; x_wconf 86' lang='lat' dir='ltr'><strong>nuntiatrix,</strong></span> <span class='ocrx_word' id='word_1_206' title='bbox 730 3936 801 3983; x_wconf 93' lang='lat' dir='ltr'><strong>cum</strong></span> <span class='ocrx_word' id='word_1_207' title='bbox 828 3916 952 3981; x_wconf 85' lang='lat' dir='ltr'><strong>frustra</strong></span> <span class='ocrx_word' id='word_1_208' title='bbox 975 3916 1008 3981; x_wconf 90' lang='lat' dir='ltr'><strong>in</strong></span> <span class='ocrx_word' id='word_1_209' title='bbox 1031 3917 1205 3997; x_wconf 85' lang='lat' dir='ltr'><strong>Excerptis</strong></span> <span class='ocrx_word' id='word_1_210' title='bbox 1228 3935 1321 3996; x_wconf 88' lang='lat' dir='ltr'><strong>quae-</strong></span> 
     </span>
     <span class='ocr_line' id='line_1_29' title="bbox 255 4027 1319 4110; baseline -0.003 -16"><span class='ocrx_word' id='word_1_211' title='bbox 255 4035 356 4110; x_wconf 88' lang='lat' dir='ltr'><strong>ratur,</strong></span> <span class='ocrx_word' id='word_1_212' title='bbox 388 4031 449 4095; x_wconf 92' lang='lat' dir='ltr'><strong>hoc</strong></span> <span class='ocrx_word' id='word_1_213' title='bbox 482 4031 551 4096; x_wconf 93' lang='lat' dir='ltr'><strong>loco</strong></span> <span class='ocrx_word' id='word_1_214' title='bbox 589 4029 798 4094; x_wconf 89' lang='lat' dir='ltr'><strong>desideratur.</strong></span> <span class='ocrx_word' id='word_1_215' title='bbox 862 4027 1000 4094; x_wconf 79' lang='lat' dir='ltr'><strong>Accedit</strong></span> <span class='ocrx_word' id='word_1_216' title='bbox 1036 4028 1120 4109; x_wconf 87' lang='lat' dir='ltr'><strong>quod</strong></span> <span class='ocrx_word' id='word_1_217' title='bbox 1152 4027 1319 4110; x_wconf 84' lang='lat' dir='ltr'><strong>Vergilius</strong></span> 
     </span>
     <span class='ocr_line' id='line_1_30' title="bbox 257 4136 1319 4225; baseline -0.003 -18"><span class='ocrx_word' id='word_1_218' title='bbox 257 4136 367 4225; x_wconf 81' lang='lat' dir='ltr'><strong>Georg</strong></span> <span class='ocrx_word' id='word_1_219' title='bbox 389 4144 488 4207; x_wconf 77' lang='lat' dir='ltr'><strong>Iaca</strong></span> <span class='ocrx_word' id='word_1_220' title='bbox 513 4142 552 4207; x_wconf 91' lang='lat' dir='ltr'><strong>de</strong></span> <span class='ocrx_word' id='word_1_221' title='bbox 575 4141 773 4207; x_wconf 89' lang='lat' dir='ltr'><strong>alcedinibus</strong></span> <span class='ocrx_word' id='word_1_222' title='bbox 796 4140 878 4205; x_wconf 90' lang='lat' dir='ltr'><strong>idem</strong></span> <span class='ocrx_word' id='word_1_223' title='bbox 902 4140 1077 4220; x_wconf 88' lang='lat' dir='ltr'><strong>praedicat,</strong></span> <span class='ocrx_word' id='word_1_224' title='bbox 1102 4139 1185 4219; x_wconf 87' lang='lat' dir='ltr'><strong>quod</strong></span> <span class='ocrx_word' id='word_1_225' title='bbox 1208 4145 1319 4204; x_wconf 90' lang='lat' dir='ltr'><strong>nostro</strong></span> 
     </span>
     <span class='ocr_line' id='line_1_31' title="bbox 255 4249 1320 4335; baseline -0.001 -19"><span class='ocrx_word' id='word_1_226' title='bbox 255 4262 476 4335; x_wconf 82' lang='lat' dir='ltr'><strong>excerptorum</strong></span> <span class='ocrx_word' id='word_1_227' title='bbox 487 4255 556 4319; x_wconf 93' lang='lat' dir='ltr'><strong>loco</strong></span> <span class='ocrx_word' id='word_1_228' title='bbox 568 4254 607 4318; x_wconf 92' lang='lat' dir='ltr'><strong>de</strong></span> <span class='ocrx_word' id='word_1_229' title='bbox 617 4252 715 4335; x_wconf 77' lang='lat' dir='ltr'><strong>galliS</strong></span> <span class='ocrx_word' id='word_1_230' title='bbox 727 4251 859 4317; x_wconf 91' lang='lat' dir='ltr'><strong>dicitur:</strong></span> <span class='ocrx_word' id='word_1_231' title='bbox 874 4270 1016 4332; x_wconf 84' lang='lat' dir='ltr'><strong>,pennas</strong></span> <span class='ocrx_word' id='word_1_232' title='bbox 1027 4250 1059 4314; x_wconf 89' lang='lat' dir='ltr'><strong>in</strong></span> <span class='ocrx_word' id='word_1_233' title='bbox 1070 4249 1165 4315; x_wconf 88' lang='lat' dir='ltr'><strong>litore</strong></span> <span class='ocrx_word' id='word_1_234' title='bbox 1174 4251 1320 4331; x_wconf 81' lang='lat' dir='ltr'><strong>pandunt</strong></span> 
     </span>
     <span class='ocr_line' id='line_1_32' title="bbox 254 4364 763 4447; baseline -0.002 -18"><span class='ocrx_word' id='word_1_235' title='bbox 254 4364 404 4431; x_wconf 88' lang='lat' dir='ltr'><strong>Dilectae</strong></span> <span class='ocrx_word' id='word_1_236' title='bbox 427 4365 556 4430; x_wconf 84' lang='lat' dir='ltr'><strong>Thetidi</strong></span> <span class='ocrx_word' id='word_1_237' title='bbox 579 4365 763 4447; x_wconf 67' lang='lat' dir='ltr'><strong>alcyonem.</strong></span> 
     </span>
    </p>

    <p class='ocr_par' dir='ltr' id='par_1_9' title="bbox 143 4476 1323 4787">
     <span class='ocr_line' id='line_1_33' title="bbox 143 4476 1323 4567; baseline -0.002 -22"><span class='ocrx_word' id='word_1_238' title='bbox 143 4486 163 4557; x_wconf 61' lang='grc' dir='ltr'><strong>ς’</strong></span> <span class='ocrx_word' id='word_1_239' title='bbox 187 4478 229 4540; x_wconf 69' lang='grc'><strong>26</strong></span> <span class='ocrx_word' id='word_1_240' title='bbox 254 4480 318 4548; x_wconf 67' lang='grc' dir='ltr'><strong>ἕοῖν</strong></span> <span class='ocrx_word' id='word_1_241' title='bbox 347 4486 384 4547; x_wconf 81' lang='lat' dir='ltr'><strong>at</strong></span> <span class='ocrx_word' id='word_1_242' title='bbox 415 4480 545 4558; x_wconf 75' lang='grc' dir='ltr'><strong><em>α’κτῖνις</em></strong></span> <span class='ocrx_word' id='word_1_243' title='bbox 573 4486 608 4546; x_wconf 77' lang='grc' dir='ltr'><strong>αἱ</strong></span> <span class='ocrx_word' id='word_1_244' title='bbox 637 4486 699 4564; x_wconf 68' lang='grc' dir='ltr'><strong>μὲν</strong></span> <span class='ocrx_word' id='word_1_245' title='bbox 728 4480 811 4566; x_wconf 75' lang='grc' dir='ltr'><strong><em>πρὸς</em></strong></span> <span class='ocrx_word' id='word_1_246' title='bbox 839 4481 966 4567; x_wconf 76' lang='grc' dir='ltr'><strong><em>βορρᾶν</em></strong></span> <span class='ocrx_word' id='word_1_247' title='bbox 994 4483 1029 4542; x_wconf 74' lang='grc' dir='ltr'><strong>αἱ</strong></span> <span class='ocrx_word' id='word_1_248' title='bbox 1055 4478 1090 4542; x_wconf 78' lang='grc' dir='ltr'><strong>δὲ</strong></span> <span class='ocrx_word' id='word_1_249' title='bbox 1119 4477 1202 4564; x_wconf 76' lang='grc' dir='ltr'><strong><em>πρὸς</em></strong></span> <span class='ocrx_word' id='word_1_250' title='bbox 1226 4476 1323 4543; x_wconf 83' lang='grc' dir='ltr'><strong><em>νότον</em></strong></span> 
     </span>
     <span class='ocr_line' id='line_1_34' title="bbox 255 4586 1318 4681; baseline -0.009 -18"><span class='ocrx_word' id='word_1_251' title='bbox 255 4596 431 4681; x_wconf 76' lang='grc' dir='ltr'><strong><em>σχίζονται</em></strong></span> <span class='ocrx_word' id='word_1_252' title='bbox 459 4596 519 4660; x_wconf 78' lang='grc' dir='ltr'><strong>τοῦ</strong></span> <span class='ocrx_word' id='word_1_253' title='bbox 545 4602 645 4677; x_wconf 76' lang='grc' dir='ltr'><strong><em>μέσον</em></strong></span> <span class='ocrx_word' id='word_1_254' title='bbox 674 4588 767 4667; x_wconf 74' lang='grc' dir='ltr'><strong><em>ὄντος</em></strong></span> <span class='ocrx_word' id='word_1_255' title='bbox 795 4599 867 4656; x_wconf 81' lang='grc' dir='ltr'><strong><em>κατ’</em></strong></span> <span class='ocrx_word' id='word_1_256' title='bbox 902 4595 1039 4676; x_wconf 69' lang='grc' dir='ltr'><strong><em>αἴθριον</em></strong></span> <span class='ocrx_word' id='word_1_257' title='bbox 1071 4592 1140 4668; x_wconf 84' lang='lat' dir='ltr'><strong>(pro</strong></span> <span class='ocrx_word' id='word_1_258' title='bbox 1168 4586 1318 4676; x_wconf 68' lang='grc' dir='ltr'><strong><em>ὄρθρον).</em></strong></span> 
     </span>
     <span class='ocr_line' id='line_1_35' title="bbox 254 4697 1321 4787; baseline -0.003 -20"><span class='ocrx_word' id='word_1_259' title='bbox 254 4706 293 4777; x_wconf 79' lang='lat' dir='ltr'><strong>cs.</strong></span> <span class='ocrx_word' id='word_1_260' title='bbox 324 4700 464 4776; x_wconf 90' lang='lat' dir='ltr'><strong>Diosem.</strong></span> <span class='ocrx_word' id='word_1_261' title='bbox 494 4723 524 4773; x_wconf 88' lang='lat' dir='ltr'><strong>v.</strong></span> <span class='ocrx_word' id='word_1_262' title='bbox 555 4704 608 4787; x_wconf 79' lang='lat'><strong>98,</strong></span> <span class='ocrx_word' id='word_1_263' title='bbox 644 4699 804 4768; x_wconf 82' lang='lat' dir='ltr'><strong>Varronis</strong></span> <span class='ocrx_word' id='word_1_264' title='bbox 840 4701 940 4769; x_wconf 89' lang='lat' dir='ltr'><strong>verba</strong></span> <span class='ocrx_word' id='word_1_265' title='bbox 974 4718 1071 4785; x_wconf 87' lang='lat' dir='ltr'><strong>supra</strong></span> <span class='ocrx_word' id='word_1_266' title='bbox 1104 4704 1146 4783; x_wconf 85' lang='lat' dir='ltr'><strong>(p.</strong></span> <span class='ocrx_word' id='word_1_267' title='bbox 1180 4698 1236 4786; x_wconf 87' lang='lat'><strong>31)</strong></span> <span class='ocrx_word' id='word_1_268' title='bbox 1268 4697 1321 4764; x_wconf 88' lang='lat' dir='ltr'><strong>ad·</strong></span> 
     </span>
    </p>
   </div>
   <div class='ocr_carea' id='block_1_9' title="bbox 0 0 1480 5160">
    <p class='ocr_par' dir='ltr' id='par_1_10' title="bbox 0 0 1480 5160">
     <span class='ocr_line' id='line_1_36' title="bbox 0 0 1480 5160; baseline 0 0"><span class='ocrx_word' id='word_1_269' title='bbox 0 0 1480 5160; x_wconf 95' lang='lat' dir='ltr'><strong> </strong></span> 
     </span>
    </p>
   </div>
  </div>
 </body>
</html>
