2948 5160
662 253 883 316 -72-

187 445 286 510 talem
309 447 450 512 futuram
474 446 609 512 hiemem
633 447 821 527 arbitratur,
847 448 951 528 qualis
975 442 1074 514 fuerit
1089 451 1221 514 brumae
1236 449 1305 514 dies
1329 455 1364 514 et

188 556 274 621 circa
289 576 360 622 eum
380 559 479 638 terni;
504 559 581 623 item
604 558 745 624 solstitio
761 566 950 624 aestatem‘.
963 562 985 644 ¹)
1021 559 1113 643 Quae
1136 560 1312 641 respiciens
1334 561 1364 626 si

187 669 258 748 quis
292 669 477 734 Democrito
511 670 603 735 malit
639 690 734 750 quam
766 671 901 735 Eudoxo
936 669 1148 737 dichotomiae
1183 671 1364 738 doctrinam

186 779 338 859 tribuere,
364 782 576 846 confitendum
594 788 652 861 est,
674 789 707 847 et
723 782 798 847 amri
815 783 970 847 articulos
986 782 1019 847 in
1034 802 1157 864 papyro
1173 783 1363 849 Democrito

187 891 366 972 adscriptos
390 912 503 973 parum
527 893 654 958 differre
677 896 718 959 ab
742 894 904 959 Eudoxeis
928 900 961 958 et
988 914 1069 974 quae
1093 894 1298 960 Democritus
1321 896 1364 960 de

186 1003 290 1067 tribus
314 1003 424 1070 diebus
447 1006 657 1086 praescripsit
679 1007 758 1070 bene
786 1005 967 1071 consentire
994 1025 1064 1071 cum
1088 1006 1287 1087 excerptoris
1310 1007 1364 1072 his

184 1113 293 1180 Verbis
315 1115 393 1198 §57
419 1118 477 1185 οὐκ
501 1121 554 1185 ἐπ’
577 1119 695 1198 αὐταῖς
718 1128 804 1198 (ταῖς
826 1127 1007 1208 loquaciores
1027 1132 1084 1186 καὶ
1100 1131 1262 1207 τροπαῖς),
1281 1120 1361 1188 dlt’

184 1227 206 1317 ἢ
230 1231 293 1319 opo*
320 1228 434 1297 αὐτῶν
456 1227 478 1319 ἤ
501 1228 635 1319 ὕστερον
661 1235 767 1321 μικρῷ
794 1237 917 1299 εἴωθεν
945 1245 1125 1319 σημαίνειν.
1173 1231 1288 1310 Neque
1310 1216 1364 1296 est

186 1357 242 1403 cur
273 1357 336 1402 non
369 1337 466 1404 liceat
501 1338 658 1419 suspicari
691 1339 766 1405 libri
798 1354 872 1431 περὶ
907 1356 1048 1430 σημείων
1081 1348 1244 1406 auctorem
1276 1343 1362 1408 hane

184 1455 462 1537 prognosticorum
484 1457 608 1531 partem
626 1451 666 1515 ad
682 1451 906 1516 dichotomiam
922 1458 1120 1531 spectantem
1137 1472 1157 1517 a
1173 1453 1363 1519 Democrito

184 1572 364 1631 mutuatum
380 1583 464 1644 esse;
486 1563 580 1628 immo
597 1563 737 1628 fortasse
752 1563 812 1628 hac
828 1563 953 1628 ratione
970 1563 1151 1644 explicatur
1167 1565 1221 1645 qui
1237 1564 1363 1630 factum

184 1676 237 1756 sit,
262 1683 298 1743 ut
321 1677 354 1741 in
377 1675 536 1756 excerptis
560 1673 771 1739 dichotomiae
794 1674 941 1739 doctrina
964 1674 1031 1740 fere
1054 1680 1125 1741 tota
1149 1695 1168 1741 a
1192 1676 1362 1758 signorum

187 1789 279 1869 copia
302 1789 534 1870 seiungeretur.
571 1785 634 1853 Sed
658 1806 727 1852 cum
744 1785 889 1866 quaestio
906 1805 1037 1867 prorsus
1052 1786 1085 1850 in
1101 1787 1197 1852 dubio
1213 1789 1360 1869 haereat,

184 1900 274 1965 litem
297 1900 383 1965 inter
398 1899 619 1964 Democritum
642 1905 675 1963 et
691 1898 861 1963 Eudoxum
883 1898 1066 1963 inchoatam
1086 1898 1134 1963 ita
1156 1919 1240 1965 nunc
1263 1900 1363 1965 relin-

185 2031 328 2091 quamus,
353 2018 389 2077 ut
412 2011 440 2075 si
464 2010 530 2075 alia
553 2028 610 2090 pro
635 2010 769 2074 Eudoxo
794 2009 932 2089 proferri
955 2016 1098 2090 possunt,
1127 2012 1211 2075 huuc
1234 2016 1363 2077 statua·

183 2143 253 2188 mus
277 2130 309 2188 et
333 2125 373 2188 ab
398 2128 528 2188 auctore
551 2140 708 2202 anonymo
733 2127 765 2185 et
788 2123 829 2186 ab
853 2122 960 2186 Arato
984 2141 1054 2186 esse
1077 2121 1265 2188 adhibitum.

288 2236 383 2301 Nunc
410 2234 576 2298 redeamus
604 2233 644 2297 ad
672 2232 823 2309 Plinium,
852 2252 872 2297 a
900 2253 960 2313 quo
989 2233 1135 2313 profecta
1163 2240 1213 2298 est
1240 2234 1359 2300 oratio.

183 2346 243 2412 Oui
267 2348 338 2427 quis
362 2352 465 2411 totum
489 2345 653 2427 signorum
677 2363 792 2424 corpus
816 2344 1071 2425 suppeditaverit
1086 2344 1260 2425 quaeritur.
1303 2347 1361 2412 Ad

181 2458 312 2523 ultimas
336 2477 412 2539 opes
435 2455 667 2538 confugiamus,
696 2475 777 2537 quae
804 2456 837 2521 in
865 2462 1031 2522 auctorum
1056 2455 1213 2521 indicibus
1241 2457 1360 2536 quibus

181 2569 302 2650 primus
325 2569 408 2635 liber
431 2568 621 2647 continetur,
646 2573 780 2648 paratae
797 2587 866 2633 esse
881 2568 1041 2633 videntur.
1082 2568 1192 2648 Atque
1207 2568 1358 2653 Brunn2)

183 2682 348 2747 contendit
380 2681 521 2745 Plinium
554 2680 662 2744 eodem
695 2679 815 2756 ordine,
848 2698 909 2759 quo
943 2680 976 2743 in
1008 2679 1232 2759 componendis
1262 2679 1357 2745 libris

181 2811 257 2859 usus
281 2800 340 2873 est,
365 2798 512 2858 auctores
536 2791 631 2856 etiam
656 2790 689 2855 in
712 2791 832 2855 indices
856 2790 1031 2855 rettulisse.
1068 2790 1171 2873 Quam
1189 2791 1230 2856 ad
1250 2792 1358 2874 legem

181 2905 214 2969 in
237 2904 410 2970 latinorum
435 2903 560 2983 quidem
584 2909 750 2968 auctorum
774 2902 884 2967 ordine
907 2902 1116 2966 examinando
1138 2901 1262 2967 frustra
1286 2923 1359 2985 pro·

180 3035 344 3095 vocamus;
370 3035 443 3080 nam
459 3034 499 3080 ex
516 3015 677 3080 nominum
693 3014 904 3079 collocatione
919 3013 999 3079 nihil
1016 3013 1117 3078 conici
1137 3020 1255 3094 potest,
1281 3016 1357 3097 quia

111 3162 114 3167 ·
180 3148 248 3194 cum
273 3127 477 3193 manifestum
502 3126 545 3191 sit
568 3126 747 3204 Tarutium
779 3125 853 3206 „qui
877 3125 1003 3191 Graece
1030 3126 1069 3189 de
1092 3125 1190 3190 astris
1214 3126 1352 3209 scripsit,

181 3241 353 3306 Caesarem
381 3238 571 3304 dictatorem
599 3238 653 3318 qui
680 3237 777 3301 item‘
807 3238 848 3302 ad
875 3237 1092 3303 calendarium
1120 3237 1201 3302 illud
1224 3243 1353 3320 agreste

180 3352 364 3417 referendos
392 3369 462 3415 esse
490 3349 562 3414 inde
590 3369 610 3413 a
638 3355 714 3415 sect.
741 3351 828 3432 bl,³)
857 3355 964 3413 tamen
988 3348 1154 3414 Mamilius
1178 3349 1273 3428 Sura,
1301 3349 1355 3430 qui

180 3470 257 3530 sect.
286 3465 328 3527 la
359 3463 397 3527 de
425 3461 536 3543 pabuli
563 3461 698 3541 quodam
726 3479 843 3541 genere
871 3460 1031 3538 laudatur,
1061 3465 1094 3524 et
1121 3459 1236 3525 Attius
1264 3461 1354 3527 cuius

180 3576 334 3657 quaedam
367 3594 407 3639 ex
434 3573 607 3637 Praxidieo
639 3579 812 3653 praecepta
843 3579 920 3637 sect.
950 3575 1001 3636 bb.
1031 3571 1219 3652 atteruntur,
1252 3574 1355 3638 multo

184 3707 306 3714 -.......
309 3707 315 3712 .

284 3777 303 3842 ¹)
325 3774 359 3824 cl'.
381 3771 452 3825 Plin.
472 3769 537 3822 hist.
559 3776 612 3822 unt.
634 3769 661 3819 Il
679 3786 702 3821 c.
727 3768 1126 3835 46,XV111p276,xuvlu
1146 3769 1186 3835 14,
1208 3776 1353 3837 praeterea

183 3878 285 3914 nomen
306 3861 366 3910 eins
387 3863 463 3908 extat
480 3856 507 3906 in
521 3856 539 3908 l.
553 3855 628 3907 XVll
649 3861 676 3904 et
687 3855 734 3905 XV
749 3863 893 3906 auctorum
912 3854 1053 3907 indicibus
1072 3857 1119 3922 qui
1140 3855 1205 3906 libri
1224 3856 1275 3908 toti
1289 3862 1357 3909 sunt

181 3949 215 3999 de
235 3946 414 4015 agricultura.

284 4036 306 4096 ²)
327 4030 368 4082 De
388 4035 532 4081 auctorum
552 4027 690 4079 indicibus
710 4027 855 4080 Plininnis.
894 4027 983 4079 Bonn.
1021 4027 1097 4080 1856.

283 4121 304 4182 ³)
323 4118 388 4170 hist.
416 4121 471 4168 nat.
492 4114 582 4165 XVlll
606 4122 672 4166 sect.
699 4114 732 4164 57
751 4117 763 4177 ‘q
781 4114 832 4164 214
858 4113 936 4179 „Nos
957 4114 1102 4180 sequimur
1126 4113 1351 4165 observationem

180 4205 327 4270 Caesaris3
356 4216 487 4253 maxnme
511 4201 579 4251 haec
604 4202 656 4251 erit
680 4199 776 4251 ltaliae
801 4198 881 4251 ratio.
909 4197 1032 4249 dicemus
1058 4208 1149 4250 autem
1178 4205 1205 4251 et
1231 4199 1352 4251 aliorum

178 4297 291 4366 placito,
311 4291 445 4356 quoniam
464 4302 519 4339 non
540 4286 622 4337 nnius
642 4294 731 4337 terroe
751 4285 799 4336 sed
819 4287 905 4336 totius
924 4290 1040 4337 araturae
1059 4284 1225 4352 interpretes
1242 4300 1352 4349 sumus,

178 4399 236 4434 non
256 4374 420 4430 unctoribus
440 4372 539 4440 positis
561 4402 590 4410 —
610 4371 637 4422 id
657 4371 730 4422 enim
750 4370 900 4423 verbosum
920 4378 1011 4422 est-
1031 4370 1079 4421 sed
1099 4369 1271 4436 regionibus.
